@Book{Denys,
  Title                    = {Antiquités romaines},
  Author                   = {{Denys d'Halicarnasse}},
  Editor                   = {Fromentin, Valérie},
  Publisher                = {Les Belles Lettres},
  Year                     = {1998},

  Address                  = {Paris},

  Owner                    = {deyts},
  Timestamp                = {2015.08.16}
}

@Book{Appien,
  Title                    = {Les Guerres civiles},
  Author                   = {{Appien}},
  Editor                   = {Goukowsky, Paul and Etienne-Duplessis, Maud},
  Publisher                = {Les Belles Lettres},
  Year                     = {2015},

  Address                  = {Paris},

  Owner                    = {deyts},
  Timestamp                = {2015.08.16}
}

@Book{Dion,
  Title                    = {Histoire romaine},
  Author                   = {{Dion Cassius}},
  Editor                   = {Fromentin, Valérie and Bertrand, Estelle and Coudry, Marianne and Freyburger-Galland, Marie-Laure},
  Publisher                = {Les Belles Lettres},
  Year                     = {2002-2014},
  Edition                  = {Paris},

  Owner                    = {deyts},
  Timestamp                = {2015.08.16}
}

@Book{CicCorrespondance,
  Title                    = {Correspondance},
  Author                   = {{Cicéron}},
  Editor                   = {Constans, Léopold-Albert and Beaujeu, Jean},
  Publisher                = {Les Belles Lettres},
  Year                     = {1934-1996},

  Address                  = {Paris},

  Owner                    = {deyts},
  Timestamp                = {2015.08.16}
}

@Book{Oratore,
  Title                    = {De Oratore},
  Author                   = {{Cicéron}},
  Editor                   = {Edmond Courbaud},
  Publisher                = {Les Belles Lettres},
  Year                     = {1922},

  Address                  = {Paris},

  Owner                    = {deyts},
  Timestamp                = {2015.08.15}
}

@Book{CicTusculanes,
  Title                    = {Tusculanes},
  Author                   = {{Cicéron}},
  Editor                   = {Humbert, Jules and Fohlen, G.},
  Publisher                = {Les Belles Lettres},
  Year                     = {1930},

  Address                  = {Paris},

  Owner                    = {deyts},
  Timestamp                = {2015.08.16}
}

@Book{CicDeFinibus,
  Title                    = {De Finibus},
  Author                   = {{Cicéron}},
  Editor                   = {Martha, Jules},
  Publisher                = {Les Belles Lettres},
  Year                     = {1928},

  Address                  = {Paris},

  Owner                    = {deyts},
  Timestamp                = {2015.08.16}
}

@Book{CicBrutus,
  Title                    = {Brutus},
  Author                   = {{Cicéron}},
  Editor                   = {Martha, Jules},
  Publisher                = {Les Belles Lettres},
  Year                     = {1923},

  Address                  = {Paris},

  Owner                    = {deyts},
  Timestamp                = {2015.08.16}
}

@Book{CicOfficiis,
  Title                    = {De Officiis},
  Author                   = {{Cicéron}},
  Editor                   = {Testard, Maurice and Mercier, Stéphane},
  Publisher                = {Les Belles Lettres},
  Year                     = {2014},

  Address                  = {Paris},

  Owner                    = {deyts},
  Timestamp                = {2015.08.16}
}

@Book{Eschine,
  Title                    = {Discours},
  Author                   = {{Eschine}},
  Editor                   = {G. de Budé and V. Martin},
  Publisher                = {Les Belles Lettres},
  Year                     = {1992},

  Address                  = {Paris},

  Owner                    = {deyts},
  Timestamp                = {2015.08.15}
}

@Book{Eschyle,
  Title                    = {Agamemnon},
  Author                   = {{Eschyle}},
  Editor                   = {Mazon, Paul},
  Publisher                = {Les},
  Year                     = {1925},

  Address                  = {Paris},

  Owner                    = {deyts},
  Timestamp                = {2015.08.16}
}

@Book{Euripide,
  Title                    = {Iphigénie à Aulis, Hélène, Rhésos, Hécube, Andromaque, Les Troyennes...},
  Author                   = {{Euripide}},
  Editor                   = {Grégoire, Henri and Parmentier, Léon and Méridier, Louis and Jouan, François},
  Publisher                = {Les Belles Lettres},
  Year                     = {1925-2011},

  Address                  = {Paris},

  Owner                    = {deyts},
  Timestamp                = {2015.08.16}
}

@Book{AuluGelle,
  Title                    = {Nuits Attiques},
  Author                   = {{Aulu Gelle}},
  Editor                   = {Marache, René and Julien, Yvette},
  Publisher                = {Les Belles Lettres},
  Year                     = {1998},

  Address                  = {Paris},

  Owner                    = {deyts},
  Timestamp                = {2015.08.16}
}

@Book{Herodote,
  Title                    = {Histoires},
  Author                   = {{Hérodote}},
  Editor                   = {Legrand, Ph.-E.},
  Publisher                = {Les Belles Lettres},
  Year                     = {1997},

  Address                  = {Paris},

  Owner                    = {deyts},
  Timestamp                = {2015.08.15}
}

@Book{Odyssee,
  Title                    = {Odyssée},
  Author                   = {{Homère}},
  Editor                   = {Victor Bérard},
  Publisher                = {Les Belles Lettres},
  Year                     = {2001},

  Address                  = {Paris},

  Owner                    = {deyts},
  Timestamp                = {2015.08.15}
}

@Book{Iliade,
  Title                    = {Iliade},
  Author                   = {{Homère}},
  Editor                   = {Paul Mazon},
  Publisher                = {Les Belles Lettres},
  Year                     = {1998},

  Address                  = {Paris},

  Owner                    = {deyts},
  Timestamp                = {2015.08.15}
}

@Book{HoraceSatires,
  Title                    = {Satires},
  Author                   = {{Horace}},
  Editor                   = {Villeneuve, François},
  Publisher                = {Les Belles Lettres},
  Year                     = {2011},

  Address                  = {Paris},

  Owner                    = {deyts},
  Timestamp                = {2015.08.16}
}

@Book{HoraceEpitres,
  Title                    = {Epîtres},
  Author                   = {{Horace}},
  Editor                   = {Villeneuve, François},
  Publisher                = {Les Belles Lettres},
  Year                     = {1934},

  Address                  = {Paris},

  Owner                    = {deyts},
  Timestamp                = {2015.08.16}
}

@Book{HoraceOdes,
  Title                    = {Odes et Epodes},
  Author                   = {{Horace}},
  Editor                   = {Villeneuve, François},
  Publisher                = {Les Belles Lettres},
  Year                     = {1924},

  Address                  = {Paris},

  Owner                    = {deyts},
  Timestamp                = {2015.08.16}
}

@Book{Fables,
  Title                    = {Fables},
  Author                   = {{Hygin}},
  Editor                   = {Jean-Yves Boriaud},
  Publisher                = {Les Belles Lettres},
  Year                     = {1997},

  Address                  = {Paris},

  Owner                    = {deyts},
  Timestamp                = {2015.08.15}
}

@Book{Silius,
  Title                    = {La Guerre Punique},
  Author                   = {{Silius Italicus}},
  Editor                   = {Martin, Michel and Devallet, Georges},
  Publisher                = {Les Belles Lettres},
  Year                     = {1992},

  Address                  = {Paris},

  Owner                    = {deyts},
  Timestamp                = {2015.08.15}
}

@Book{Diogene,
  Title                    = {Vie et Doctrines des philosophes illustres},
  Author                   = {{Diogène Laërce}},
  Editor                   = {J.F. Balaudé, L. Brisson, J. Brunschwig},
  Publisher                = {Librairie générale française},
  Year                     = {1999},

  Address                  = {Paris},

  Owner                    = {deyts},
  Timestamp                = {2015.08.15}
}

@Book{Lucrece,
  Title                    = {De rerum natura},
  Author                   = {{Lucrèce}},
  Editor                   = {Ernout, Alfred},
  Publisher                = {Les Belles Lettres},
  Year                     = {2009},

  Address                  = {Paris},

  Owner                    = {deyts},
  Timestamp                = {2015.08.16}
}

@Book{Lycophron,
  Title                    = {Alexandra},
  Author                   = {{Lycophron}},
  Editor                   = {Hurst, André},
  Publisher                = {Les Belles Lettres},
  Year                     = {2008},

  Address                  = {Paris},

  Owner                    = {deyts},
  Timestamp                = {2015.08.16}
}

@Book{Fastes,
  Title                    = {Fastes},
  Author                   = {{Ovide}},
  Editor                   = {Schilling, Robert},
  Publisher                = {Les Belles Lettres},
  Year                     = {1993},

  Address                  = {Paris},

  Owner                    = {deyts},
  Timestamp                = {2015.08.15}
}

@Book{Velleius,
  Title                    = {Histoire Romaine},
  Author                   = {{Velleius Paterculus}},
  Editor                   = {Hellegouarc'h, Joseph},
  Publisher                = {Les Belles Lettres},
  Year                     = {1982},

  Address                  = {Paris},

  Owner                    = {deyts},
  Timestamp                = {2015.08.16}
}

@Book{Pausanias,
  Title                    = {Description de la Grèce},
  Author                   = {{Pausanias}},
  Editor                   = {Casevitz, M and Pouilloux, J and Jacquemin, A},
  Publisher                = {Les Belles Lettres},
  Year                     = {2002},

  Address                  = {Paris},

  Owner                    = {deyts},
  Timestamp                = {2015.08.15}
}

@Book{Petrone,
  Title                    = {Satiricon},
  Author                   = {{Pétrone}},
  Editor                   = {Ernout, Al},
  Publisher                = {Les Belles Lettres},
  Year                     = {1923},

  Address                  = {Paris},

  Owner                    = {deyts},
  Timestamp                = {2015.08.16}
}

@Book{Pindare,
  Title                    = {Oeuvres (Tome I : Olympiques, Tome II : Pythiques, Tome III : Néméennes, Tome IV : Isthmiques - Fragments)},
  Author                   = {{Pindare}},
  Editor                   = {Aimé Puech},
  Publisher                = {Les Belles Lettres},
  Year                     = {1922-1967},

  Address                  = {Paris},

  Owner                    = {deyts},
  Timestamp                = {2015.08.15}
}

@Book{Republique,
  Title                    = {République (Oeuvres, vvolume VI et VII)},
  Author                   = {{Platon}},
  Editor                   = {Emile Chambry},
  Publisher                = {Les Belles Lettres},
  Year                     = {1932},

  Address                  = {Paris},

  Owner                    = {deyts},
  Timestamp                = {2015.08.15}
}

@Book{Theetete,
  Title                    = {Théétète (Oeuvres, volume VIII, 2e partie)},
  Author                   = {{Platon}},
  Editor                   = {Auguste Diès},
  Publisher                = {Les Belles Lettres},
  Year                     = {1923},

  Address                  = {Paris},

  Owner                    = {deyts},
  Timestamp                = {2015.08.15}
}

@Book{Ion,
  Title                    = {Ion (Oeuvres, volume V, 1ère partie)},
  Author                   = {{Platon}},
  Editor                   = {Louis Méridier},
  Publisher                = {Les Belles Lettres},
  Year                     = {1931},

  Address                  = {Paris},

  Owner                    = {deyts},
  Timestamp                = {2015.08.15}
}

@Book{Hipparque,
  Title                    = {Hipparque (Oeuvres, volume XIII, 2e partie)},
  Author                   = {{Platon}},
  Editor                   = {Joseph Souilhé},
  Publisher                = {Les Belles Lettres},
  Year                     = {1930},

  Address                  = {Paris},

  Owner                    = {deyts},
  Timestamp                = {2015.08.15}
}

@Book{Pline,
  Title                    = {Histoire Naturelle},
  Author                   = {{Pline l'Ancien}},
  Editor                   = {Hubert Zehnacker and Alain Zilberman},
  Publisher                = {Les Belles Lettres},
  Year                     = {2015},

  Address                  = {Paris},

  Owner                    = {deyts},
  Timestamp                = {2015.08.15}
}

@Book{PlutarqueVies,
  Title                    = {Vies parallèles},
  Author                   = {{Plutarque}},
  Editor                   = {Flacellière, R. and Chambry, E.},
  Publisher                = {Les Belles Lettres},
  Year                     = {1999},

  Address                  = {Paris},

  Owner                    = {deyts},
  Timestamp                = {2015.08.15}
}

@Book{Properce,
  Title                    = {Elégies},
  Author                   = {{Properce}},
  Editor                   = {Viarre, Simone},
  Publisher                = {Les Belles Lettres},
  Year                     = {2005},

  Address                  = {Paris},

  Owner                    = {deyts},
  Timestamp                = {2015.08.16}
}

@Book{Heraclite,
  Title                    = {Allégories d'Homère},
  Author                   = {{Héraclite le Rhéteur}},
  Editor                   = {Buffière, Félix},
  Publisher                = {Les Belles Lettres},
  Year                     = {1962},

  Address                  = {Paris},

  Owner                    = {deyts},
  Timestamp                = {2015.08.16}
}

@Book{Lucien,
  Title                    = {Eloge de la danse},
  Author                   = {{Lucien de Samosate}},
  Editor                   = {Terreaux, Claude},
  Publisher                = {Arlea},
  Year                     = {2007},

  Address                  = {Paris},

  Owner                    = {deyts},
  Timestamp                = {2015.08.16}
}

@Book{SenequeTragedies,
  Title                    = {Tragédies},
  Author                   = {{Sénèque}},
  Editor                   = {Chaumartin, François-Régis},
  Publisher                = {Les Belles Lettres},
  Year                     = {2011},

  Address                  = {Paris},

  Owner                    = {deyts},
  Timestamp                = {2015.08.16}
}

@Book{SenequeLettres,
  Title                    = {Lettres à Lucilius},
  Author                   = {{Sénèque}},
  Editor                   = {Noblot Henri},
  Publisher                = {Les Belles Lettres},
  Year                     = {2007},

  Address                  = {Paris},

  Owner                    = {deyts},
  Timestamp                = {2015.08.16}
}

@Book{SenequeApocol.,
  Title                    = {L'Apocoloquintose du Divin Claude},
  Author                   = {{Sénèque}},
  Editor                   = {Waltz, René},
  Publisher                = {Les Belles Lettres},
  Year                     = {1934},

  Address                  = {Paris},

  Owner                    = {deyts},
  Timestamp                = {2015.08.16}
}

@Book{Seneque-consolations,
  Title                    = {Dialogues. Volume III : Consolations},
  Author                   = {{Sénèque}},
  Editor                   = {Waltz, René},
  Publisher                = {Les Belles Lettres},
  Year                     = {1923},

  Address                  = {Paris},

  Owner                    = {deyts},
  Timestamp                = {2015.08.15}
}

@Book{Diodore,
  Title                    = {Bibliothèque historique},
  Author                   = {{Diodore de Sicile}},
  Editor                   = {Goukowsky, Paul},
  Publisher                = {Les Belles Lettres},
  Year                     = {2014},

  Address                  = {Paris},

  Owner                    = {deyts},
  Timestamp                = {2015.08.16}
}

@Book{Sophocle,
  Title                    = {Ajax, Philoctète},
  Author                   = {{Sophocle}},
  Editor                   = {Dain, Alphonse and Mazon, Paul},
  Publisher                = {Les Belles Lettres},
  Year                     = {1958-1960},

  Address                  = {Paris},

  Owner                    = {deyts},
  Timestamp                = {2015.08.16}
}

@Book{Strabon,
  Title                    = {Géographie},
  Author                   = {{Strabon}},
  Editor                   = {Laudenbach, Benoît},
  Publisher                = {Les Belles Lettres},
  Year                     = {2015},

  Address                  = {Paris},

  Owner                    = {deyts},
  Timestamp                = {2015.08.16}
}

@Book{Suetone,
  Title                    = {Vie des Douze Césars, vol. I (César, Auguste) et II (Tibère à Néron)},
  Author                   = {{Suétone}},
  Editor                   = {Henri Ailloud},
  Publisher                = {Les Belles Lettres},
  Year                     = {1931},

  Address                  = {Paris},

  Owner                    = {deyts},
  Timestamp                = {2015.08.15}
}

@Book{Tacite,
  Title                    = {Annales},
  Author                   = {{Tacite}},
  Editor                   = {Wuilleumier},
  Publisher                = {Les Belles Lettres},
  Year                     = {1975},

  Address                  = {Paris},

  Owner                    = {deyts},
  Timestamp                = {2015.08.16}
}

@Book{Thucydide,
  Title                    = {La Guerre du Péloponnèse},
  Author                   = {{Thucydide}},
  Editor                   = {De Romilly, Jacqueline},
  Publisher                = {Les Belles Lettres},
  Year                     = {2009},

  Address                  = {Paris},

  Owner                    = {deyts},
  Timestamp                = {2015.08.15}
}

@Book{Tibulle,
  Title                    = {Elégies},
  Author                   = {{Tibulle}},
  Editor                   = {Ponchont, Max},
  Publisher                = {Les Belles Lettres},
  Year                     = {1926},

  Address                  = {Paris},

  Owner                    = {deyts},
  Timestamp                = {2015.08.16}
}

@Book{AureliusVictor,
  Title                    = {Origo Gentis Romae},
  Author                   = {{Aurelius Victor}},
  Editor                   = {Richard, Jean-Claude},
  Publisher                = {Les Belles Lettres},
  Year                     = {1983},

  Address                  = {Paris},

  Owner                    = {deyts},
  Timestamp                = {2015.08.15}
}

@Book{VirisIllustribus,
  Title                    = {De Viris Illustribus},
  Author                   = {{Aurelius Victor}},
  Editor                   = {Sherwin Jr., Walter K.},
  Publisher                = {University of Oklahoma Press},
  Year                     = {1973},

  Owner                    = {deyts},
  Timestamp                = {2015.08.16}
}

@Book{Eneide,
  Title                    = {Énéide},
  Author                   = {{Virgile}},
  Editor                   = {Perret, Jacques and Veyne, Paul},
  Publisher                = {Les Belles Lettres},
  Year                     = {2013},

  Address                  = {Paris},

  Owner                    = {deyts},
  Timestamp                = {2015.08.15}
}

@Book{Georgiques,
  Title                    = {Géorgiques},
  Author                   = {{Virgile}},
  Editor                   = {de Saint-Denis, Eugène},
  Publisher                = {Les Belles Lettres},
  Year                     = {1998},

  Address                  = {Paris},

  Owner                    = {deyts},
  Timestamp                = {2015.08.16}
}

@Book{Bucoliques,
  Title                    = {Bucoliques},
  Author                   = {{Virgile}},
  Editor                   = {de Saint-Denis, Eugène},
  Publisher                = {Les Belles Lettres},
  Year                     = {1997},

  Address                  = {Paris},

  Owner                    = {deyts},
  Timestamp                = {2015.08.16}
}

@Book{Vitruve,
  Title                    = {De Architectura},
  Author                   = {{Vitruve}},
  Editor                   = {Fleury, Philippe},
  Publisher                = {Les Belles Lettres},
  Year                     = {1990},

  Address                  = {Paris},

  Owner                    = {deyts},
  Timestamp                = {2015.08.16}
}
