% This file was created with JabRef 2.10b2.
% Encoding: ISO8859_15


@Book{Denys,
  Title                    = {Antiquités romaines},
  Author                   = {Denys d'Halicarnasse},
  Editor                   = {Fromentin, Valérie},
  Publisher                = {Les Belles Lettres},
  Year                     = {1998},

  Address                  = {Paris},

  Owner                    = {deyts},
  Timestamp                = {2015.08.16}
}

@Book{Pline,
  Title                    = {Histoire Naturelle},
  Author                   = {Pline l'Ancien},
  Editor                   = {Hubert Zehnacker et Alain Zilberman},
  Publisher                = {Les Belles Lettres},
  Year                     = {2015},

  Address                  = {Paris},

  Owner                    = {deyts},
  Timestamp                = {2015.08.15}
}

@Article{Albertson1990,
  Title                    = {The Basilic Aemilia Frieze : Religion and Politics in Late Republican Rome},
  Author                   = {Albertson, Fred C.},
  Journal                  = {Latomus},
  Year                     = {1990},
  Volume                   = {49, 4},

  Owner                    = {deyts},
  Timestamp                = {2015.09.01}
}

@InProceedings{AlfieriTonini2007,
  Title                    = {Epigrafia del Laocoonte},
  Author                   = {Alfieri Tonini, Teresa},
  Booktitle                = {Laocoon Il Laocoonte dei Musei Vaticani, 500 anni dalla scoperta, a cura di Giorgio Bejor. Quaderni di Acme 93},
  Year                     = {2007},

  Address                  = {Milan},
  Organization             = {Università degli Studi di Milano, Facoltà di Lettere e Filosofia},
  Publisher                = {Cisalpino},

  Owner                    = {deyts},
  Timestamp                = {2015.09.18}
}

@Book{Alfoldi1963,
  Title                    = {Early Rome and the Latins},
  Author                   = {Andreas Alföldi},
  Publisher                = {Ann ArbMichigan Press},
  Year                     = {1963},

  Owner                    = {deyts},
  Timestamp                = {2015.08.15}
}

@Book{Ampere1862,
  Title                    = {Histoire Romaine},
  Author                   = {Ampère, Jean-Jacques},
  Publisher                = {M; Lévy Frères},
  Year                     = {1862},

  Address                  = {Paris},

  Owner                    = {deyts},
  Timestamp                = {2015.09.01}
}

@Book{Andreae1982,
  Title                    = {Odisseus, Archäologie des europäischen Menschendbildes},
  Author                   = {Andreae, Bernard},
  Publisher                = {Societaets-Verlag},
  Year                     = {1982},

  Address                  = {Frankfurt},

  Owner                    = {deyts},
  Timestamp                = {2015.08.17}
}

@Article{Antonaccio1994,
  Title                    = {Contesting the past : Hero Cult, Tomb Cult, and Epic in Early Greece},
  Author                   = {Antonaccio, Carla M.},
  Journal                  = {American Journal of Archaeology},
  Year                     = {1994},
  Volume                   = {98},

  Owner                    = {deyts},
  Timestamp                = {2015.08.15}
}

@Book{Appien,
  Title                    = {Les Guerres civiles},
  Author                   = {Appien},
  Editor                   = {Goukowsky, Paul et Etienne-Duplessis, Maud},
  Publisher                = {Les Belles Lettres},
  Year                     = {2015},

  Address                  = {Paris},

  Owner                    = {deyts},
  Timestamp                = {2015.08.16}
}

@Book{AtnallyConlin1997,
  Title                    = {The artists of the Ara Pacis - The process of hellenization in roman relief sculpture},
  Author                   = {Atnally Conlin, Diane},
  Publisher                = {University of North Carolina Press},
  Year                     = {1997},

  Owner                    = {deyts},
  Timestamp                = {2015.09.06}
}

@Book{Babelon1886,
  Title                    = {Description historique et chronologique des monnaies de la République Romaine},
  Author                   = {Babelon, Ernest},
  Publisher                = {Rommin et Feuardent},
  Year                     = {1885-1886},

  Address                  = {Paris},

  Owner                    = {deyts},
  Timestamp                = {2015.09.01}
}

@Article{Ballabriga1996,
  Title                    = {Survie et descendance d'Enée ? le mythe grec archaïque},
  Author                   = {Ballabriga, Alain},
  Journal                  = {Kernos},
  Year                     = {1996},
  Volume                   = {9},

  Owner                    = {deyts},
  Timestamp                = {2015.09.01}
}

@InProceedings{Barchiesi2006,
  Title                    = {La Traccia del modello},
  Author                   = {Barchiesi, Alessandro},
  Booktitle                = {Réceptions antiques - lecture, transmission, appropriation intellectuelle - ed Laetitia Ciccolini, Charles Guérin, Stéphane Itic et Sébastien Morlet},
  Year                     = {2006},

  Address                  = {Paris},
  Publisher                = {Editions Rue d'Ulm},

  Owner                    = {deyts},
  Timestamp                = {2015.09.05}
}

@InProceedings{Beaujet1974,
  Title                    = {Les frères de Quirinus (à propos de Virgile, Enéide I, 292, et de Properce IV, 1, 9)},
  Author                   = {Beaujet, Jean},
  Booktitle                = {Mélanges de philosophie, de littérature et d'histoire ancienne offerts à Pierre Boyancé (Publications de l'École française de Rome, 22)},
  Year                     = {1974},

  Address                  = {Rome},
  Publisher                = {EFR},

  Owner                    = {deyts},
  Timestamp                = {2015.09.05}
}

@Book{Bonner1977,
  Title                    = {Education in Ancient Rome, from the Elder Cato to the Younger Pliny},
  Author                   = {Bonner, Stanley F.},
  Publisher                = {Methen \& C. Ltd.},
  Year                     = {1977},

  Address                  = {London},

  Owner                    = {deyts},
  Timestamp                = {2015.09.01}
}

@InProceedings{Boucher1976,
  Title                    = {Sur l'influence des grands tragiques latins},
  Author                   = {Boucher, Jean-Paul},
  Booktitle                = {L'Italie préromaine et la Rome républicaine. I. Mélanges offerts à Jacques Heurgon (Publications de l'École française de Rome, 27)},
  Year                     = {1976},

  Address                  = {Rome},
  Organization             = {École française de Rome},

  Owner                    = {deyts},
  Timestamp                = {2015.09.01}
}

@Article{Boyle1986,
  Title                    = {The Chaonian Dove - studies in the Eclogues, Georgics, and Aeneid of Virgil},
  Author                   = {Boyle, Anthony J.},
  Journal                  = {Mnemosyne, Leiden},
  Year                     = {1986},
  Volume                   = {94},

  Owner                    = {deyts},
  Timestamp                = {2015.09.05}
}

@Book{Braccesi1984,
  Title                    = {la legenda di Antenore, da Troia a Padova},
  Author                   = {Lorenzo Braccesi},
  Publisher                = {Signum Edizioni},
  Year                     = {1984},

  Address                  = {Padoue},

  Owner                    = {deyts},
  Timestamp                = {2015.08.15}
}

@Book{Briggs1997,
  Title                    = {Ancient Greek Authors},
  Author                   = {Briggs, Ward},
  Publisher                = {Gale Research},
  Year                     = {1997},

  Address                  = {Detroit},

  Owner                    = {deyts},
  Timestamp                = {2015.08.15}
}

@Book{Brilliant1984,
  Title                    = {Visual Narratives, Storytelling in Etruscan and Roman Art},
  Author                   = {Brilliant, Richard},
  Publisher                = {Cornell University Press},
  Year                     = {1984},

  Address                  = {London},

  Owner                    = {deyts},
  Timestamp                = {2015.08.16}
}

@Article{Briquel2001,
  Title                    = {Les deux origines de Lanuvium},
  Author                   = {Briquel, Dominique},
  Journal                  = {Etudes Ausonius, De Boccard, Paris},
  Year                     = {2001},
  Volume                   = {7, Origines Gentium, Textes réunis par Valérie Fromentin et Sophie Gotteland},

  Owner                    = {deyts},
  Timestamp                = {2015.08.16}
}

@Article{Briquel1999,
  Title                    = {Remarques sur les traditions de Nostoi en Italie : l'exemple de la légende d'Ulysse en Etrurie},
  Author                   = {Briquel, Dominique},
  Journal                  = {Acta Classica Universitatis Scientiarum Debreceniensis, Debrecini},
  Year                     = {1999},
  Volume                   = {34-35},

  Owner                    = {deyts},
  Timestamp                = {2015.08.16}
}

@Article{Briquel1987,
  Title                    = {Spina condita a Diomede},
  Author                   = {Briquel, Dominique},
  Journal                  = {La parola del passato, Napoli},
  Year                     = {1987},
  Volume                   = {47},

  Owner                    = {deyts},
  Timestamp                = {2015.08.16}
}

@Book{Brizio1876,
  Title                    = {Pitture e scoperti sull'Esquilino nell'anno 1875, Roma 1876, p.8 sq},
  Author                   = {Brizio, Edoardo},
  Publisher                = {Tipografia Elzeviriana},
  Year                     = {1876},

  Address                  = {Rome},

  Owner                    = {deyts},
  Timestamp                = {2015.09.01}
}

@Book{Buffiere1956,
  Title                    = {Les mythes d'Homère et la pensée grecque},
  Author                   = {Buffière, Félix},
  Publisher                = {Les Belles Lettres},
  Year                     = {1956},

  Address                  = {Paris},

  Owner                    = {deyts},
  Timestamp                = {2015.09.01}
}

@Article{Cameron2009,
  Title                    = {Young Achilles in the Roman World},
  Author                   = {Cameron, Alan},
  Journal                  = {JRS, Londres},
  Year                     = {2009},
  Volume                   = {99},

  Owner                    = {deyts},
  Timestamp                = {2015.08.17}
}

@Book{Cameron2004,
  Title                    = {Greek mythography in the Roman World},
  Author                   = {Cameron, Alan},
  Publisher                = {Oxford University Press},
  Year                     = {2004},

  Address                  = {Oxford},

  Owner                    = {deyts},
  Timestamp                = {2015.09.01}
}

@InProceedings{Capdeville1993,
  Title                    = {Jeux athlétiques et rituels de fondation},
  Author                   = {Capdeville, Gérard},
  Booktitle                = {Spectacles sportifs et scéniques dans le monde étrusco-italique, Actes de la table ronde de Rome (3-4 mai 1991)},
  Year                     = {1993},

  Address                  = {Rome},
  Organization             = {EFR},

  Owner                    = {deyts},
  Timestamp                = {2015.09.01}
}

@Article{Cappelli1993,
  Title                    = {La leggenda di Enea nel raconto figurato degli Aemilii},
  Author                   = {Cappelli, Rosanna},
  Journal                  = {Ostraka},
  Year                     = {1993},
  Volume                   = {2},

  Owner                    = {deyts},
  Timestamp                = {2015.09.01}
}

@Article{Cappelli1990,
  Title                    = {Augusto e il culto di Vesta sul Palatino},
  Author                   = {Cappelli, Rosanna},
  Journal                  = {Bolletino di Archeologia, Rome},
  Year                     = {1990},
  Volume                   = {1-2},

  Owner                    = {deyts},
  Timestamp                = {2015.09.07}
}

@Article{Carcopino1927,
  Title                    = {La Basilique Pythagoricienne de la Porte Majeure},
  Author                   = {Carcopino, Jérôme},
  Journal                  = {Etudes Romaines, Paris},
  Year                     = {1927},
  Volume                   = {151},

  Owner                    = {deyts},
  Timestamp                = {2015.09.01}
}

@Article{Carettoni1961,
  Title                    = {Il fregio figurato della basilica Aemilia},
  Author                   = {Carettoni, Gianfilippo},
  Journal                  = {Rivista dell'Istituto nazionale di Archeologia},
  Year                     = {1961},
  Volume                   = {19},

  Owner                    = {deyts},
  Timestamp                = {2015.09.01}
}

@Book{Dion,
  Title                    = {Histoire romaine},
  Author                   = {Dion Cassius},
  Editor                   = {Fromentin, Valérie;Bertrand, Estelle;Coudry, Marianne;Freyburger-Galland, Marie-Laure...},
  Publisher                = {Les Belles Lettres},
  Year                     = {2002-2014},
  Edition                  = {Paris},

  Owner                    = {deyts},
  Timestamp                = {2015.08.16}
}

@Article{Castriota1995,
  Title                    = {The Ara Pacis Augustae ad the imagery of abundance in Later Greek and Early Roman Imperial Art},
  Author                   = {Castriota, David},
  Journal                  = {Phoenix, Princeton},
  Year                     = {1995},

  Owner                    = {deyts},
  Timestamp                = {2015.09.07}
}

@Book{CicCorrespondance,
  Title                    = {Correspondance},
  Author                   = {Cicéron},
  Editor                   = {Constans, Léopold-Albert et Beaujeu, Jean},
  Publisher                = {Les Belles Lettres},
  Year                     = {1934-1996},

  Address                  = {Paris},

  Owner                    = {deyts},
  Timestamp                = {2015.08.16}
}

@Book{Oratore,
  Title                    = {De Oratore},
  Author                   = {Cicéron},
  Editor                   = {Edmond Courbaud},
  Publisher                = {Les Belles Lettres},
  Year                     = {1922},

  Address                  = {Paris},

  Owner                    = {deyts},
  Timestamp                = {2015.08.15}
}

@Book{CicTusculanes,
  Title                    = {Tusculanes},
  Author                   = {Cicéron},
  Editor                   = {Humbert, Jules et Fohlen, G.},
  Publisher                = {Les Belles Lettres},
  Year                     = {1930},

  Address                  = {Paris},

  Owner                    = {deyts},
  Timestamp                = {2015.08.16}
}

@Book{CicDeFinibus,
  Title                    = {De Finibus},
  Author                   = {Cicéron},
  Editor                   = {Martha, Jules},
  Publisher                = {Les Belles Lettres},
  Year                     = {1928},

  Address                  = {Paris},

  Owner                    = {deyts},
  Timestamp                = {2015.08.16}
}

@Book{CicBrutus,
  Title                    = {Brutus},
  Author                   = {Cicéron},
  Editor                   = {Martha, Jules},
  Publisher                = {Les Belles Lettres},
  Year                     = {1923},

  Address                  = {Paris},

  Owner                    = {deyts},
  Timestamp                = {2015.08.16}
}

@Book{CicOfficiis,
  Title                    = {De Officiis},
  Author                   = {Cicéron},
  Editor                   = {Testard, Maurice et Mercier, Stéphane},
  Publisher                = {Les Belles Lettres},
  Year                     = {2014},

  Address                  = {Paris},

  Owner                    = {deyts},
  Timestamp                = {2015.08.16}
}

@InProceedings{Cipolloni1986,
  Title                    = {Le tombe di Toppo Daguzzo (Basilicata Nord-Orientale), considerazioni sulle comunità della media età del bronzo nel sud-est italiano},
  Author                   = {Cipolloni Sampo, Mirella},
  Booktitle                = {Traffici Micenei nel Mediterraneo - Problemi Storici e documentazione archeologica - Atti del convegno di Palermo, a cura di M; Marazzi, S. Tusa, L. Vagnetti},
  Year                     = {1986},

  Address                  = {Tarente},

  Owner                    = {deyts},
  Timestamp                = {2015.08.15}
}

@InProceedings{CisottoNalon1990,
  Title                    = {L'iconografia di Antenore nella documentazione archeologica},
  Author                   = {Cisotto Nalon, Mirella},
  Booktitle                = {Padova per Antenore: atti della giornata di studio tenutasi il 14 dicembre 1989 presso il Museo civico archeologico agli Eremitani e altri interventi - Studi Padovani, 5},
  Year                     = {1990},

  Owner                    = {deyts},
  Timestamp                = {2015.08.16}
}

@Article{Coarelli1997-2,
  Title                    = {Le théâtre de Pompée},
  Author                   = {Coarelli, Filippo},
  Journal                  = {Dialogues d'Histoire Ancienne},
  Year                     = {1997},
  Volume                   = {23, n°2},

  Owner                    = {deyts},
  Timestamp                = {2015.09.01}
}

@InProceedings{Coarelli1996,
  Title                    = {Il complesso Pompeiano del Campo Marzio e la sua decorazione scultorea},
  Author                   = {Coarelli, Filippo},
  Booktitle                = {Rendiconti della Pontificia Accademia di Archeologia vol. 44, 1970-71 = Revixit ars : arte e ideologia a Roma, dai modelli ellenistici alla tradizione repubblicana},
  Year                     = {1996},

  Address                  = {Rome},

  Owner                    = {deyts},
  Timestamp                = {2015.09.01}
}

@Article{Coarelli1983,
  Title                    = {Le pitture della tomba François a Vulci : Una proposta di lettura},
  Author                   = {Coarelli, Filippo},
  Journal                  = {Dialoghi di Archeologia},
  Year                     = {1983},
  Volume                   = {3},

  Owner                    = {deyts},
  Timestamp                = {2015.08.16}
}

@Book{Eneanellazio,
  Title                    = {Enea nel Lazio : Archeologia e mito : bimillenario Virgiliano : [mostra] Roma 22 settembre - 31 dicembre 1981, Campidoglio, Palazzo dei Conservatori.},
  Author                   = {Collectif},
  Publisher                = {Fratelli Palombi},
  Year                     = {1981},

  Address                  = {Rome},

  Owner                    = {deyts},
  Timestamp                = {2015.08.16}
}

@Book{CroissantMullerProst2002,
  Title                    = {Identités et cultures dans le monde méditerranéen antique},
  Author                   = {Croissant, F. et Müller, C. et Prost, F.},
  Publisher                = {Publications de la Sorbonne},
  Year                     = {2002},

  Address                  = {Paris},

  Owner                    = {deyts},
  Timestamp                = {2015.08.16}
}

@Article{Crowther1987,
  Title                    = {Varro Atacinus : Traditional or Neoteric Poet},
  Author                   = {Crowther, Nigel B.},
  Journal                  = {L'antiquité classique},
  Year                     = {1987},
  Volume                   = {56},

  Owner                    = {deyts},
  Timestamp                = {2015.08.15}
}

@Book{Cumont1942,
  Title                    = {Recherches sur le symbolisme funéraire des Romains},
  Author                   = {Cumont, Franz},
  Publisher                = {P. Geuthner},
  Year                     = {1942},

  Address                  = {Paris},

  Owner                    = {deyts},
  Timestamp                = {2015.09.25}
}

@Book{Dardenay2010,
  Title                    = {Les mythes fondateurs de Rome - Images et politique dans l'Occident romain},
  Author                   = {Dardenay, Alexandra},
  Publisher                = {Picard},
  Year                     = {2010},

  Address                  = {Paris},

  Owner                    = {deyts},
  Timestamp                = {2015.09.01}
}

@InProceedings{DeAloe2007,
  Title                    = {Il Laocoonte dei Musei Vaticani. Un secolo di esegesi},
  Author                   = {De Aloe, Ilaria},
  Booktitle                = {Il Laocoonte dei Musei Vaticani, 500 anni dalla scoperta, a cura di Giorgio Bejor. Quaderni di Acme 93},
  Year                     = {2007},

  Address                  = {Milan},
  Organization             = {Università degli Studi di Milano, Facoltà di Lettere e Filosofia},
  Publisher                = {Cisalpino},

  Owner                    = {deyts},
  Timestamp                = {2015.09.18}
}

@Book{DeCarolis2000,
  Title                    = {Dei ed Eroi nella pittura pompeiana},
  Author                   = {De Carolis, Ernesto},
  Year                     = {2000},

  Address                  = {Rome},

  Owner                    = {deyts},
  Timestamp                = {2015.08.17}
}

@InProceedings{DeSanctis2007,
  Title                    = {Il canto di Elena : osservazioni sul rapporto di Teocrito con Omero e con Esiodo nell'Epitalamio},
  Author                   = {De Sanctis, Dino},
  Booktitle                = {La Cultura letteraria ellenistica - Persistenza, innovazione, trasmissione - a cura di Roberto Pretagostini, Emanuele Dettori _ Ed Quasar, Seminari romani di cultura greca quaderni 10 - Atti del convegno COFIN 2003 -},
  Year                     = {2007},

  Address                  = {Rome},

  Owner                    = {deyts},
  Timestamp                = {2015.08.16}
}

@InProceedings{DeVos1990,
  Title                    = {Nerone, Seneca, Fabullo e la Domus Transitoria al Palatino},
  Author                   = {De Vos, Mariette},
  Booktitle                = {Gli Orti Farnesiani sul Palatino, Roma Antica 2},
  Year                     = {1990},

  Address                  = {Rome},
  Organization             = {EFR},

  Owner                    = {deyts},
  Timestamp                = {2015.09.25}
}

@Book{Decker-Thuillier2004,
  Title                    = {Le sport dans l'Antiquité. Egypte, Grèce, Rome},
  Author                   = {Decker, Wolfgang et Thuiller, Jean-Paul},
  Publisher                = {A. J. Picard},
  Year                     = {2004},

  Address                  = {Paris},

  Owner                    = {deyts},
  Timestamp                = {2015.09.01}
}

@InProceedings{DelCorno2004,
  Title                    = {Odisseo fra i satiri},
  Author                   = {Del Corno, Dario},
  Booktitle                = {Momenti della ricezione omerica : poesia arcaica e teatro : congresso a cura di Giuseppe Zanetto, Daniela Canavero, Andrea Capra, Alessandro Sgobbi},
  Year                     = {2004},

  Address                  = {Milan},

  Owner                    = {deyts},
  Timestamp                = {2015.08.15}
}

@Book{DellaCorte1965,
  Title                    = {Case ed abitanti di Pompei},
  Author                   = {Della Corte, Matteo},
  Publisher                = {Fiorentino},
  Year                     = {1965},

  Address                  = {Napoli},

  Owner                    = {deyts},
  Timestamp                = {2015.09.14}
}

@InProceedings{Denti2007,
  Title                    = {Sculpteurs Grecs et commanditaires romains entre Délos, Rome et l'Italie},
  Author                   = {Denti, Mario},
  Booktitle                = {Neronia VII. Rome, l?Italie et la Grèce. Hellénisme et philhellénisme au premier siècle après J.C., Y. Perrin (sous la direction de), Colloque international, Athènes octobre 2004, « Latomus » 305},
  Year                     = {2007},

  Owner                    = {deyts},
  Timestamp                = {2015.08.16}
}

@Book{DeRose1992,
  Title                    = {The art of persuasion : Political propaganda from Aeneas to Brutus},
  Author                   = {DeRose Evans, Jane},
  Publisher                = {University of Michigan Press},
  Year                     = {1992},

  Owner                    = {deyts},
  Timestamp                = {2015.09.01}
}

@Article{Detienne1962,
  Title                    = {Homère, Hésiode et Pythagore - Poésie et philosophie dans le pythagorisme ancien},
  Author                   = {Detienne, Marcel},
  Journal                  = {Latomus, Bruxelles},
  Year                     = {1962},
  Volume                   = {57},

  Owner                    = {deyts},
  Timestamp                = {2015.08.16}
}

@Article{Detienne1958,
  Title                    = {Ulysse sur le stuc central de la Basilique de la Porta Maggiore},
  Author                   = {Detienne, Marcel},
  Journal                  = {Latomus, Bruxelles},
  Year                     = {1958},
  Volume                   = {17},

  Owner                    = {deyts},
  Timestamp                = {2015.09.01}
}

@Article{Detienne1957,
  Title                    = {La légende pythagoricienne d'Hélène},
  Author                   = {Detienne, Marcel},
  Journal                  = {Revue de l'histoire des religions, Armand Colin},
  Year                     = {1957},
  Volume                   = {152},

  Owner                    = {deyts},
  Timestamp                = {2015.08.16}
}

@Article{Drury-Moyaers1981,
  Title                    = {Énée et Lavinium},
  Author                   = {Drury-Moyaers, Geneviève},
  Journal                  = {Latomus, Bruxelles},
  Year                     = {1981},
  Volume                   = {174},

  Owner                    = {deyts},
  Timestamp                = {2015.08.16}
}

@Book{Dumezil1973,
  Title                    = {Mythe et épopée, III.? Histoires romaines},
  Author                   = {Dumézil, Georges},
  Publisher                = {Gallimard},
  Year                     = {1973},

  Address                  = {Paris},

  Owner                    = {deyts},
  Timestamp                = {2015.09.01}
}

@InProceedings{Dupont2009,
  Title                    = {The Corrupted Boy and the Crowned Poet - or, the material reality and the symbolic status of the literary book at Rome},
  Author                   = {Dupont, Florence},
  Booktitle                = {Ancient Literacies, the culture of reading in Greece and Rome, edited by William A. Johnson and Holt N. Parker},
  Year                     = {2009},

  Address                  = {Oxford},

  Owner                    = {deyts},
  Timestamp                = {2015.08.16}
}

@InProceedings{Enenkel2005,
  Title                    = {Epic prophecy as imperial propaganda ? Jupiter's first speech in Virgil's Aeneid},
  Author                   = {Enenkel, Karl A.E.},
  Booktitle                = {The manipulative mode : political propaganda in antiquity : a collection of case studies, Ed. by Karl A. E. Enenkel \& Ilja Leonard Pfeijffer},
  Year                     = {2005},

  Address                  = {Leiden},
  Publisher                = {Brill},

  Owner                    = {deyts},
  Timestamp                = {2015.09.01}
}

@Book{Erskine2001,
  Title                    = {Troy between Greece and Rome : Local Tradition and Imperial Power},
  Author                   = {Andrew Erskine},
  Publisher                = {Oxford University Press},
  Year                     = {2001},

  Address                  = {Oxford},

  Owner                    = {deyts},
  Timestamp                = {2015.08.15}
}

@Book{Eschine,
  Title                    = {Discours},
  Author                   = {Eschine},
  Editor                   = {G. de Budé et V. Martin},
  Publisher                = {Les Belles Lettres},
  Year                     = {1992},

  Address                  = {Paris},

  Owner                    = {deyts},
  Timestamp                = {2015.08.15}
}

@Book{Eschyle,
  Title                    = {Agamemnon},
  Author                   = {Eschyle},
  Editor                   = {Mazon, Paul},
  Publisher                = {Les},
  Year                     = {1925},

  Address                  = {Paris},

  Owner                    = {deyts},
  Timestamp                = {2015.08.16}
}

@Article{Esposito2009,
  Title                    = {Filosseno, il Ciclope e Sesto Pompeo - Programmi figurativi e 'propaganda' politica nelle domus dell'aristocrazia pompeiana della tarda età repubblicana},
  Author                   = {Esposito, Domenico},
  Journal                  = {Jahrbuch des Deutschen Archäologischen Instituts - Berlin},
  Year                     = {2009},
  Volume                   = {123},

  Owner                    = {deyts},
  Timestamp                = {2015.09.16}
}

@Book{Etienne1966,
  Title                    = {Pompéi},
  Author                   = {Etienne, Robert},
  Publisher                = {Hachette},
  Year                     = {1966},

  Address                  = {Paris},

  Owner                    = {deyts},
  Timestamp                = {2015.09.01}
}

@Book{Euripide,
  Title                    = {Iphigénie à Aulis, Hélène, Rhésos, Hécube, Andromaque, Les Troyennes...},
  Author                   = {Euripide},
  Editor                   = {Grégoire, Henri;Parmentier, Léon;Méridier, Louis;Jouan, François},
  Publisher                = {Les Belles Lettres},
  Year                     = {1925-2011},

  Address                  = {Paris},

  Owner                    = {deyts},
  Timestamp                = {2015.08.16}
}

@Book{Fabre-Serris1998,
  Title                    = {Mythologie et littérature à Rome, la réécriture des mythes aux Iers s. avant et après J.C.},
  Author                   = {Fabre-Serris, Jacqueline},
  Publisher                = {Payot},
  Year                     = {1998},

  Address                  = {Lausanne},

  Owner                    = {deyts},
  Timestamp                = {2015.08.16}
}

@Book{Faulkner2008,
  Title                    = {The Homeric hymn to Aphrodite : introduction, text, and commentary},
  Author                   = {Andrew Faulkner},
  Publisher                = {Oxford University Press},
  Year                     = {2008},

  Address                  = {Oxford},

  Owner                    = {deyts},
  Timestamp                = {2015.08.15}
}

@InProceedings{Finkelberg2003,
  Title                    = {Homer as a foundation text},
  Author                   = {Finkelberg, Margalit},
  Booktitle                = {Homer, the Bible, and Beyond - Literary and religious canons in the ancient world, dir. Margalit Finkelberg \& Guy G. Stroumsa},
  Year                     = {2003},

  Address                  = {Leiden},
  Publisher                = {E. J. Brill},

  Owner                    = {deyts},
  Timestamp                = {2015.08.15}
}

@InProceedings{Frezouls1996,
  Title                    = {Le théâtre à Rome et sa diffusion en occident},
  Author                   = {Frezouls, Edmond},
  Booktitle                = {Les loisirs et l'héritage de la culture classique - ed J M André, J Dangel et P Demont - Latomus 230 - Bruxelles},
  Year                     = {1996},

  Owner                    = {deyts},
  Timestamp                = {2015.09.01}
}

@Article{Fuchs1959,
  Title                    = {Die Vorbilder der neuattische Reliefs},
  Author                   = {Fuchs, Werner},
  Journal                  = {Jahrbuch Des Deutschen Arch Ologischen Instituts - Erg Nzung - Berlin},
  Year                     = {1959},

  Owner                    = {deyts},
  Timestamp                = {2015.08.16}
}

@InProceedings{Gage1981,
  Title                    = {Apollon impérial - garant des Fata Romana, pp. 561-630},
  Author                   = {Gagé, Jean},
  Booktitle                = {Aufstieg und Niedergang der römischen Welt},
  Year                     = {1981},

  Address                  = {Berlin, New-York},

  Owner                    = {deyts},
  Timestamp                = {2015.08.16}
}

@Article{Gage1972,
  Title                    = {Les traditions "diomédiques" dans l'Italie ancienne, de l'Apulie à l'Étrurie méridionale, et quelques-unes des origines de la légende de Mézence},
  Author                   = {Gagé, Jean},
  Journal                  = {MEFRA},
  Year                     = {1972},
  Volume                   = {84},

  Owner                    = {deyts},
  Timestamp                = {2015.08.16}
}

@Book{Gage1955,
  Title                    = {Apollon romain},
  Author                   = {Gagé, Jean},
  Publisher                = {E. de Boccard},
  Year                     = {1955},

  Address                  = {Paris},

  Owner                    = {deyts},
  Timestamp                = {2015.09.07}
}

@Article{Gage1936,
  Title                    = {Actiaca},
  Author                   = {Gagé, Jean},
  Journal                  = {Mélanges d'Archéologie et d'histoire de l'Ecole Française de Rome},
  Year                     = {1936},
  Volume                   = {53},

  Owner                    = {deyts},
  Timestamp                = {2015.09.07}
}

@Article{Gage1930,
  Title                    = {Romulus Augustus},
  Author                   = {Gagé, Jean},
  Journal                  = {Mélanges d'Archéologie et d'Histoire de l?École Française de Rome},
  Year                     = {1930},
  Volume                   = {47},

  Owner                    = {deyts},
  Timestamp                = {2015.09.01}
}

@Book{Galinsky1996,
  Title                    = {Augustan culture - An interpretive introduction},
  Author                   = {Galinsky},
  Publisher                = {Princeton University Press},
  Year                     = {1996},

  Address                  = {Princeton},

  Owner                    = {deyts},
  Timestamp                = {2015.09.01}
}

@Book{Galinsky1969,
  Title                    = {Aeneas, Sicily and Rome},
  Author                   = {Galinsky, G. Karl},
  Publisher                = {Princeton University Press},
  Year                     = {1969},

  Address                  = {Princeton},

  Owner                    = {deyts},
  Timestamp                = {2015.08.16}
}

@Book{Garelli2007,
  Title                    = {Danser le mythe : la pantomime et sa réception dans la culture antique},
  Author                   = {Garelli, Marie-Hélène},
  Publisher                = {Peeters},
  Year                     = {2007},

  Address                  = {Louvain},

  Owner                    = {deyts},
  Timestamp                = {2015.09.01}
}

@Book{AuluGelle,
  Title                    = {Nuits Attiques},
  Author                   = {Aulu Gelle},
  Editor                   = {Marache, René et Julien, Yvette},
  Publisher                = {Les Belles Lettres},
  Year                     = {1998},

  Address                  = {Paris},

  Owner                    = {deyts},
  Timestamp                = {2015.08.16}
}

@Article{Ghali-Kahil1955,
  Title                    = {Les enlèvements et le retour d'Hélène dans les textes et les documents figurés},
  Author                   = {Ghali-Kahil, Lilly B.},
  Journal                  = {École française d'Athènes. Travaux et mémoires des anciens membres étrangers de l'École et de divers savants, E. de Boccard, Paris},
  Year                     = {1955},
  Volume                   = {10},

  Owner                    = {deyts},
  Timestamp                = {2015.08.15}
}

@InProceedings{Giangiulio1991,
  Title                    = {Filottete tra Sibari e Crotone. Osservazioni sulla tradizione letteraria},
  Author                   = {Giangiulio, Maurizio},
  Booktitle                = {Epeios et Philoctète en Italie - Cahiers du centre Jean Bérard - (Colloque Lille II 1987) présenté par J. de la Genière},
  Year                     = {1991},

  Address                  = {Naples},

  Owner                    = {deyts},
  Timestamp                = {2015.08.16}
}

@InProceedings{Girod1978,
  Title                    = {Virgile et l'histoire dans l'Énéide},
  Author                   = {Girod, Roger},
  Booktitle                = {Présence de Virgile : actes du colloque des 9, 11 et 12 décembre 1976 : Paris E.N.S., Tours / édité par R. Chevallier, Caesarodunum, XIII bis},
  Year                     = {1978},

  Address                  = {Paris},
  Publisher                = {Les Belles Lettres},

  Owner                    = {deyts},
  Timestamp                = {2015.09.05}
}

@Book{Giuliano1998,
  Title                    = {Storia dell'arte greca},
  Author                   = {Giuliano, Antonio},
  Publisher                = {Carocci},
  Year                     = {1998},

  Address                  = {Rome},

  Owner                    = {deyts},
  Timestamp                = {2015.09.18}
}

@Article{Grane2012,
  Title                    = {Pliny and the Wandering Mountain ? A new interpretation of Pliny?s account of the northern Barbaricum with an archaeological comment},
  Author                   = {Grane, Thomas},
  Journal                  = {Analecta Romana Instituti Danici, Copenhagen},
  Year                     = {2012},
  Volume                   = {37},

  Owner                    = {deyts},
  Timestamp                = {2015.09.01}
}

@Book{Gras1985,
  Title                    = {Trafics Tyrrhéniens archaïques},
  Author                   = {Gras, Michel},
  Publisher                = {EFR},
  Year                     = {1985},

  Address                  = {Rome},

  Owner                    = {deyts},
  Timestamp                = {2015.08.15}
}

@InProceedings{Graziosi2004,
  Title                    = {La definizione dell'opera omerica nel periodo arcaico e classico},
  Author                   = {Barbara Graziosi},
  Booktitle                = {Momenti della ricezione omerica : poesia arcaica e teatro : congresso a cura di Giuseppe Zanetto, Daniela Canavero, Andrea Capra, Alessandro Sgobbi},
  Year                     = {2004},

  Address                  = {Milan},

  Owner                    = {deyts},
  Timestamp                = {2015.08.15}
}

@InProceedings{Griffin2007,
  Title                    = {Nero and the concept of imperial glory},
  Author                   = {Griffin, Miriam},
  Booktitle                = {Neronia VII - Rome, l'Italie et la Grèce - Hellénisme et philhellénisme au premier siècle après J.-C. - Actes du VIIe colloque international de la SIEN édités par Yves Perrin - Latomus},
  Year                     = {2007},

  Address                  = {Bruxelles},

  Owner                    = {deyts},
  Timestamp                = {2015.09.13}
}

@InProceedings{Gros2009,
  Title                    = {Les limites d'un compromis historique : de la domus vitruvienne à la maison augustéenne du Palatin},
  Author                   = {Gros, Pierre},
  Booktitle                = {Le Principat d'Auguste - Réalités et représentations du pouvoir autour de la Res Publica Restituta, sous la direction de Frédéric Hurlet et Bernard Mineo},
  Year                     = {2009},

  Address                  = {Rennes},

  Owner                    = {deyts},
  Timestamp                = {2015.09.07}
}

@Article{Gros1994,
  Title                    = {Le schéma vitruvien du théâtre latin et sa signification dans le système normatif du De Architectura},
  Author                   = {Gros, Pierre},
  Journal                  = {Revue Archéologique},
  Year                     = {1994},
  Volume                   = {Nouv. série, 1},

  Owner                    = {deyts},
  Timestamp                = {2015.09.01}
}

@Article{Gury1986,
  Title                    = {La Forge du Destin. A propos d?une série de peintures pompéiennes du IVe style},
  Author                   = {Gury, Françoise},
  Journal                  = {MEFRA},
  Year                     = {1986},
  Volume                   = {98},

  Owner                    = {deyts},
  Timestamp                = {2015.09.16}
}

@Article{Hannah1997,
  Title                    = {The temple of Mars Ultor and 12 may},
  Author                   = {Hannah, Robert},
  Journal                  = {Römische Mittelungen},
  Year                     = {1997},
  Volume                   = {104},

  Owner                    = {deyts},
  Timestamp                = {2015.09.07}
}

@Book{Hardie-Barchiesi-Hinds1999,
  Title                    = {Ovidian transformations. Essays on Ovid's Metamorphoses and its reception.},
  Author                   = {Hardie, Philip;Barchiesi, Alessandro;Hinds, Stephen},
  Publisher                = {Cambridge Philological Society},
  Year                     = {1999},

  Address                  = {Cambridge},

  Owner                    = {deyts},
  Timestamp                = {2015.09.01}
}

@Book{Harris1989,
  Title                    = {Ancient Literacy},
  Author                   = {Harris, William V.},
  Publisher                = {Harvard University Press},
  Year                     = {1989},

  Address                  = {Cambridge (Massachussetts)},

  Owner                    = {deyts},
  Timestamp                = {2015.08.16}
}

@Book{Herbert-Brown1994,
  Title                    = {Ovid and the Fasti ? An Historical Study},
  Author                   = {Herbert-Brown, Geraldine},
  Publisher                = {Clarendon Press},
  Year                     = {1994},

  Address                  = {Oxford},

  Owner                    = {deyts},
  Timestamp                = {2015.09.05}
}

@Book{Herodote,
  Title                    = {Histoires},
  Author                   = {Hérodote},
  Editor                   = {Legrand, Ph.-E.},
  Publisher                = {Les Belles Lettres},
  Year                     = {1997},

  Address                  = {Paris},

  Owner                    = {deyts},
  Timestamp                = {2015.08.15}
}

@Book{Odyssee,
  Title                    = {Odyssée},
  Author                   = {Homère},
  Editor                   = {Victor Bérard},
  Publisher                = {Les Belles Lettres},
  Year                     = {2001},

  Address                  = {Paris},

  Owner                    = {deyts},
  Timestamp                = {2015.08.15}
}

@Book{Iliade,
  Title                    = {Iliade},
  Author                   = {Homère},
  Editor                   = {Paul Mazon},
  Publisher                = {Les Belles Lettres},
  Year                     = {1998},

  Address                  = {Paris},

  Owner                    = {deyts},
  Timestamp                = {2015.08.15}
}

@Book{HoraceSatires,
  Title                    = {Satires},
  Author                   = {Horace},
  Editor                   = {Villeneuve, François},
  Publisher                = {Les Belles Lettres},
  Year                     = {2011},

  Address                  = {Paris},

  Owner                    = {deyts},
  Timestamp                = {2015.08.16}
}

@Book{HoraceEpitres,
  Title                    = {Epîtres},
  Author                   = {Horace},
  Editor                   = {Villeneuve, François},
  Publisher                = {Les Belles Lettres},
  Year                     = {1934},

  Address                  = {Paris},

  Owner                    = {deyts},
  Timestamp                = {2015.08.16}
}

@Book{HoraceOdes,
  Title                    = {Odes et Epodes},
  Author                   = {Horace},
  Editor                   = {Villeneuve, François},
  Publisher                = {Les Belles Lettres},
  Year                     = {1924},

  Address                  = {Paris},

  Owner                    = {deyts},
  Timestamp                = {2015.08.16}
}

@InProceedings{Houston2009,
  Title                    = {Papyrological evidence for book collections and libraries in the Roman Empire},
  Author                   = {Houston, George W.},
  Booktitle                = {Ancient Literacies: the Culture of Reading in Greece and Rome, ed. William A. Johnson and Holt N. Parker.},
  Year                     = {2009},

  Address                  = {Oxford},
  Publisher                = {Oxford University Press},

  Owner                    = {deyts},
  Timestamp                = {2015.08.16}
}

@Article{Hubaux1932,
  Title                    = {La fatale basilique de la Porta Maggiore},
  Author                   = {Hubaux, Jean},
  Journal                  = {L'Antiquité classique, Liège},
  Year                     = {1932},
  Volume                   = {1},

  Owner                    = {deyts},
  Timestamp                = {2015.09.01}
}

@InProceedings{Hugues1999,
  Title                    = {Hero cult, heroic honors, heroic dead: some developments in the Hellenistic and Roman period},
  Author                   = {Hugues, Dennis D.},
  Booktitle                = {Ancient Greek Hero Cult - Proceedings of the Fifth International Seminar on Ancient Greek cult, organized by the Department of Classical Archaeology and Ancient History, Göteborg University, 21-23 April 1995},
  Year                     = {1999},

  Address                  = {Stockholm},
  Publisher                = {Robin Hägg, Skrifte},

  Owner                    = {deyts},
  Timestamp                = {2015.08.15}
}

@Book{Fables,
  Title                    = {Fables},
  Author                   = {Hygin},
  Editor                   = {Jean-Yves Boriaud},
  Publisher                = {Les Belles Lettres},
  Year                     = {1997},

  Address                  = {Paris},

  Owner                    = {deyts},
  Timestamp                = {2015.08.15}
}

@Book{Silius,
  Title                    = {La Guerre Punique},
  Author                   = {Silius Italicus},
  Editor                   = {Martin, Michel et Devallet, Georges},
  Publisher                = {Les Belles Lettres},
  Year                     = {1992},

  Address                  = {Paris},

  Owner                    = {deyts},
  Timestamp                = {2015.08.15}
}

@Book{Jal1963,
  Title                    = {La guerre civile à Rome, étude littéraire et morale},
  Author                   = {Jal, Paul},
  Publisher                = {PUF},
  Year                     = {1963},

  Address                  = {Paris},

  Owner                    = {deyts},
  Timestamp                = {2015.09.01}
}

@InProceedings{Jolivet2000,
  Title                    = {La céramique attique du IVe siècle en Étrurie},
  Author                   = {Jolivet, Vincent},
  Booktitle                = {La céramique attique du IVe siècle en Méditerranée occidentale : actes du colloque international organisé par le Centre Camille Jullian, Arles, 7-9 décembre 1995 / textes réunis sous la dir. de Brigitte Sabattini},
  Year                     = {2000},

  Address                  = {Naples},
  Publisher                = {Centre Jean Bérard},

  Owner                    = {deyts},
  Timestamp                = {2015.08.16}
}

@InProceedings{Joly1978,
  Title                    = {Présence des Bucoliques à Pompéi},
  Author                   = {Joly, Denise},
  Booktitle                = {Présence de Virgile: actes du colloque des 9, 11 et 12 décembre 1976 : Paris E.N.S., Tours / édité par R. Chevallier, Caesarodunum, XIII bis},
  Year                     = {1978},

  Address                  = {Paris},
  Publisher                = {Les Belles Lettres},

  Owner                    = {deyts},
  Timestamp                = {2015.09.01}
}

@Book{Jouan1966,
  Title                    = {Euripide et les légendes des chants cypriens},
  Author                   = {François Jouan},
  Publisher                = {Les Belles Lettres},
  Year                     = {1966},

  Address                  = {Paris},

  Owner                    = {deyts},
  Timestamp                = {2015.08.15}
}

@Article{Kampen1991,
  Title                    = {Reliefs of the Basilica Aemilia : A Redating},
  Author                   = {Kampen, Natalie},
  Journal                  = {Klio},
  Year                     = {1991},
  Volume                   = {73},

  Owner                    = {deyts},
  Timestamp                = {2015.09.01}
}

@Book{Kebric1983,
  Title                    = {The paintings in the Cnidian Lesche at Delphi and their historical context},
  Author                   = {Kebric, Robert B.},
  Publisher                = {Mnemosyne},
  Year                     = {1983},

  Address                  = {Leiden},

  Owner                    = {deyts},
  Timestamp                = {2015.08.15}
}

@InProceedings{Kellum1985,
  Title                    = {Sculptural Programs and Propaganda in Augustan Rome : the Temple of Apollo on the Palatine},
  Author                   = {Kellum, Barbara},
  Booktitle                = {The Age of Augustus, ed. Rolf Winkes},
  Year                     = {1985},

  Address                  = {Louvain},

  Owner                    = {deyts},
  Timestamp                = {2015.09.06}
}

@Article{Kunze1996,
  Title                    = {Zur Datierung des Laokoon und der Skyllagruppe aus Sperlonga},
  Author                   = {Kunze, Christian},
  Journal                  = {ahrbuch des Deutschen Archaologischen Instituts},
  Year                     = {1996},
  Volume                   = {111},

  Owner                    = {deyts},
  Timestamp                = {2015.09.18}
}

@InProceedings{LaRocca1998,
  Title                    = {Artisti rodii negli horti romani},
  Author                   = {La Rocca, Eugenio},
  Booktitle                = {Horti Romani, a cura di M. Cima et E. La Rocca (atto Roma 1995)},
  Year                     = {1998},

  Address                  = {Rome},

  Owner                    = {deyts},
  Timestamp                = {2015.09.18}
}

@InProceedings{LaRocca1996,
  Title                    = {La discesa di Ulisse negli inferi in una interpretazione di età giulio-claudia},
  Author                   = {La Rocca, Eugenio},
  Booktitle                = {Ulisse, il mito e la memoria, a cura di Bernard Andreae e di Claudio Parisi Presicce, Rome},
  Year                     = {1996},

  Owner                    = {deyts},
  Timestamp                = {2015.08.17}
}

@Book{Diogene,
  Title                    = {Vie et Doctrines des philosophes illustres},
  Author                   = {Diogène Laërce},
  Editor                   = {J.F. Balaudé, L. Brisson, J. Brunschwig},
  Publisher                = {Librairie générale française},
  Year                     = {1999},

  Address                  = {Paris},

  Owner                    = {deyts},
  Timestamp                = {2015.08.15}
}

@Book{Lange2009,
  Title                    = {Res Publica Constituta : Actium, Apollo and the accomplishment of the triumviral assignment},
  Author                   = {Lange, Carsten Hjort},
  Publisher                = {Brill},
  Year                     = {2009},

  Address                  = {Boston},

  Owner                    = {deyts},
  Timestamp                = {2015.09.07}
}

@Book{Lavagne1988,
  Title                    = {Operosa Antra ? Recherches sur la Grotte à Rome de Scylla à Hadrien},
  Author                   = {Lavagne, Henri},
  Publisher                = {EFR},
  Year                     = {1988},

  Address                  = {Rome},

  Owner                    = {deyts},
  Timestamp                = {2015.08.17}
}

@Article{Lavagne1970,
  Title                    = {Le Nymphée au Polyphème de la Domus Aurea},
  Author                   = {Lavagne, Henri},
  Journal                  = {Mélanges d'Archéologie et d'Histoire publiés par l'Ecole Française de Rome},
  Year                     = {1970},
  Volume                   = {82},

  Owner                    = {deyts},
  Timestamp                = {2015.09.26}
}

@Book{Leach2004,
  Title                    = {The Social Life of Painting in Ancient Rome and in the Bay of Naples},
  Author                   = {Leach, Eleanor Winsor},
  Publisher                = {Cambridge University Press},
  Year                     = {2004},

  Address                  = {Cambridge},

  Owner                    = {deyts},
  Timestamp                = {2015.08.17}
}

@Article{Leach1994,
  Title                    = {Horace Carmen 1.8 : Achilles, The Campus Martius, and the articulation of gender roles in Augustan Rome},
  Author                   = {Leach, Eleanor Winsor},
  Journal                  = {Classical Philology, Chicago},
  Year                     = {1994},
  Volume                   = {89},

  Owner                    = {deyts},
  Timestamp                = {2015.09.01}
}

@Article{Leveque1959,
  Title                    = {Aurea Catena Homeri. Une étude sur l'allégorie grecque},
  Author                   = {Lévêque, Pierre},
  Journal                  = {Annales Littéraires de l'Université de Besançon, Les Belles Lettres, Paris},
  Year                     = {1959},

  Owner                    = {deyts},
  Timestamp                = {2015.09.01}
}

@Book{Ling1991,
  Title                    = {Roman Painting},
  Author                   = {Ling, Roger},
  Publisher                = {Cambridge University Press},
  Year                     = {1991},

  Owner                    = {deyts},
  Timestamp                = {2015.08.16}
}

@Book{LippolisGarrafoNafissi1995,
  Title                    = {Taranto 1. Culti greci in occidente},
  Author                   = {Lippolis, E. et Garrafo, S. et Nafissi, M.},
  Publisher                = {ISAMG - Istituto per la Storia e l?Archeologia della Magna Grecia (Taranto)},
  Year                     = {1995},

  Address                  = {Tarente},

  Owner                    = {deyts},
  Timestamp                = {2015.08.16}
}

@InProceedings{Lissarague2007,
  Title                    = {Ajax, corps et armes},
  Author                   = {Lissarague, François},
  Booktitle                = {Iconografia 2006 : gli eroi di Omero : atti del convegno internazionale (Taormina, Giuseppe Sinopoli Festival, 20-22 ottobre 2006) / a cura di Isabella Colpo, Irene Favaretto, Francesca Ghedini},
  Year                     = {2007},

  Address                  = {Roma},

  Owner                    = {deyts},
  Timestamp                = {2015.08.15}
}

@Book{Lowenstam2008,
  Title                    = {As witnessed by images - The Trojan war tradition in greek and etruscan art},
  Author                   = {Steven Lowenstam},
  Publisher                = {The John Hopkins University Press},
  Year                     = {2008},

  Address                  = {Baltimore},

  Owner                    = {deyts},
  Timestamp                = {2015.08.15}
}

@Book{LucianiSperduti1993,
  Title                    = {Domus Aurea Neronis Roma},
  Author                   = {Luciani, Roberto ; Sperduti, Leandro},
  Publisher                = {Istituto poligrafico e Zecca dello Stato : Libreria dello Stato},
  Year                     = {1993},

  Address                  = {Rome},

  Owner                    = {deyts},
  Timestamp                = {2015.09.25}
}

@Book{Lucrece,
  Title                    = {De rerum natura},
  Author                   = {Lucrèce},
  Editor                   = {Ernout, Alfred},
  Publisher                = {Les Belles Lettres},
  Year                     = {2009},

  Address                  = {Paris},

  Owner                    = {deyts},
  Timestamp                = {2015.08.16}
}

@Book{Lycophron,
  Title                    = {Alexandra},
  Author                   = {Lycophron},
  Editor                   = {Hurst, André},
  Publisher                = {Les Belles Lettres},
  Year                     = {2008},

  Address                  = {Paris},

  Owner                    = {deyts},
  Timestamp                = {2015.08.16}
}

@Book{Maiuri1961,
  Title                    = {Pompei},
  Author                   = {Maiuri, Amedeo},
  Publisher                = {Istituto poligrafico e zecca dello stato, Libreria dello stato},
  Year                     = {1961},

  Address                  = {Rome},

  Owner                    = {deyts},
  Timestamp                = {2015.09.01}
}

@InProceedings{Mannino2005,
  Title                    = {I contesti della ceramica protoitaliota in Messapia},
  Author                   = {Mannino, Katia},
  Booktitle                = {La céramique Apulienne - bilan et perspectives - ed. par Martine Denoyelle, Enzo Lippolis, Marina Mazzei, Claude Pouzadoux - Table Ronde EFR},
  Year                     = {2005},

  Address                  = {Naples},
  Organization             = {Centre Jean Bérard},

  Owner                    = {deyts},
  Timestamp                = {2015.08.16}
}

@Book{Marrou1948,
  Title                    = {Histoire de l'Education dans l'Antiquité},
  Author                   = {Marrou, Henri-Irénée},
  Publisher                = {Seuil},
  Year                     = {1948},

  Address                  = {Paris},

  Owner                    = {deyts},
  Timestamp                = {2015.09.01}
}

@Book{Massa-Pairault1992,
  Title                    = {Iconologia e politica nell'Italia antica ? Roma, Lazio, Etruria dal VII al I secolo A.C.},
  Author                   = {Massa-Pairault, Françoise-Hélène},
  Publisher                = {Longanesi},
  Year                     = {1992},

  Address                  = {Milan},

  Owner                    = {deyts},
  Timestamp                = {2015.08.16}
}

@InProceedings{Mauduit1997,
  Title                    = {De Lemnos à l'Italie, remarques sur le mythe de Philoctète},
  Author                   = {Mauduit, Christine},
  Booktitle                = {Héros et voyageurs grecs dans l'occident romain, éd. par Alain Billault, Lyon 1997},
  Year                     = {1997},

  Address                  = {Paris},
  Organization             = {Centre d'Etudes et de recherches sur l'Occident romain, Université Jean Moulin, Lyon III},
  Publisher                = {De Boccard},

  Owner                    = {deyts},
  Timestamp                = {2015.08.16}
}

@InProceedings{Mazarakis1999,
  Title                    = {Reflections on hero cults in early Iron Age Greece},
  Author                   = {Mazarakis Ainian, Alexander},
  Booktitle                = {Ancient Greek hero cult - Proceedings of the Fifth International Seminar on Ancient Greek cult, organized by the Department of Classical Archaeology and Ancient History, Göteborg University, 21-23 April 1995},
  Year                     = {1999},

  Address                  = {Stockholm},
  Publisher                = {Robin Hägg},

  Owner                    = {deyts},
  Timestamp                = {2015.08.15}
}

@InProceedings{Meneghini2010,
  Title                    = {Le biblioteche pubbliche di Roma nell'alto impero},
  Author                   = {Meneghini, Roberto},
  Booktitle                = {Neronia VIII : Bibliothèques, livres et culture écrite dans l'empire romain de César à Hadrien. Actes du VIIIe Colloque international de la SIEN, Paris, 2-4 octobre 2008 ; édités par Yves Perrin - Latomus},
  Year                     = {2010},

  Address                  = {Bruxelles},

  Owner                    = {deyts},
  Timestamp                = {2015.08.16}
}

@Book{Miller2009,
  Title                    = {Apollo, Augustus and the poets},
  Author                   = {Miller, John F.},
  Publisher                = {Cambridge University Press},
  Year                     = {2009},

  Address                  = {Cambridge},

  Owner                    = {deyts},
  Timestamp                = {2015.09.06}
}

@InProceedings{Milnor2009,
  Title                    = {Literary literacy in Roman Pompeii},
  Author                   = {Milnor, Kristina},
  Booktitle                = {Ancient Literacies, the culture of reading in Greece and Rome, edited by William A. Johnson and Holt N. Parker},
  Year                     = {2009},

  Address                  = {Oxford},
  Publisher                = {Oxford University Press},

  Owner                    = {deyts},
  Timestamp                = {2015.09.01}
}

@Book{Moret1975,
  Title                    = {L'Ilioupersis dans la céramique italiote - Les mythes et leur expression figurée au IVe siècle},
  Author                   = {Moret, Jean-Marc},
  Publisher                = {Université de Genève},
  Year                     = {1975},

  Address                  = {Rome},

  Owner                    = {deyts},
  Timestamp                = {2015.08.16}
}

@Article{Mountford2011,
  Title                    = {Aeneas : An Etruscan foundation Legend},
  Author                   = {Mountford, P.},
  Journal                  = {ASCS, Auckland},
  Year                     = {2011},
  Volume                   = {32},

  Owner                    = {deyts},
  Timestamp                = {2015.08.16}
}

@InProceedings{Musti1991,
  Title                    = {Lo sviluppo del mito di Filottete, da Crotone a Sibari - Tradizioni achee e troiane in Magna Grecia},
  Author                   = {Musti, Domenico},
  Booktitle                = {Epéios et Philoctète en Italie - Cahiers du centre Jean Bérard - (Colloque Lille II 1987) présenté par J. de la Genière},
  Year                     = {1991},

  Address                  = {Naples},

  Owner                    = {deyts},
  Timestamp                = {2015.08.16}
}

@Article{Nafissi1992,
  Title                    = {« Atridi, Eacidi, Agamemnonidi, ed Achille... »},
  Author                   = {Nafissi, Massimo},
  Journal                  = {Athenaeum},
  Year                     = {1992},
  Volume                   = {80},

  Owner                    = {deyts},
  Timestamp                = {2015.08.16}
}

@Article{Ndoye2007,
  Title                    = {Grandeur et décadence des anaktes dans les poèmes homériques},
  Author                   = {Ndoye, Malick},
  Journal                  = {Troïka, parcours antiques, éd. Sylvie David et Evelyne Geny, Presses Universitaires de Franche Comté, Besançon},
  Year                     = {2007},
  Volume                   = {1},

  Owner                    = {deyts},
  Timestamp                = {2015.09.01}
}

@InProceedings{Nenci1991,
  Title                    = {Filottete in Sicilia},
  Author                   = {Nenci, Giuseppe},
  Booktitle                = {Epeios et Philoctète en Italie - Cahiers du centre Jean Bérard - (Colloque Lille II 1987) présenté par J de la Genière},
  Year                     = {1991},

  Address                  = {Naples},

  Owner                    = {deyts},
  Timestamp                = {2015.08.16}
}

@Book{Nicolet-Pierre2005,
  Title                    = {Numismatique grecque},
  Author                   = {Nicolet-Pierre, Hélène},
  Publisher                = {Armand Colin},
  Year                     = {2005},

  Address                  = {Paris},

  Owner                    = {deyts},
  Timestamp                = {2015.08.16}
}

@Article{Oliver1957,
  Title                    = {Symmachi, Homo Felix},
  Author                   = {Oliver, James Henry},
  Journal                  = {Memoirs of the American Academy in Rome},
  Year                     = {1957},
  Volume                   = {25},

  Owner                    = {deyts},
  Timestamp                = {2015.09.01}
}

@InProceedings{Ornaghi2004,
  Title                    = {Omero sulla scena. Spunti per una ricostruzione degli Odissei e degli Archiloqui di Cratino},
  Author                   = {Ornaghi, Massimiliano},
  Booktitle                = {Momenti della ricezione omerica : poesia arcaica e teatro : congresso a cura di Giuseppe Zanetto, Daniela Canavero, Andrea Capra, Alessandro Sgobbi},
  Year                     = {2004},

  Address                  = {Milan},

  Owner                    = {deyts},
  Timestamp                = {2015.08.15}
}

@Book{Fastes,
  Title                    = {Fastes},
  Author                   = {Ovide},
  Editor                   = {Schilling, Robert},
  Publisher                = {Les Belles Lettres},
  Year                     = {1993},

  Address                  = {Paris},

  Owner                    = {deyts},
  Timestamp                = {2015.08.15}
}

@Article{Paladini1958,
  Title                    = {A proposito della tradizione poetica sulla battaglia di Azio},
  Author                   = {Paladini, Maria Luisa},
  Journal                  = {Latomus, Bruxelles},
  Year                     = {1958},
  Volume                   = {35},

  Owner                    = {deyts},
  Timestamp                = {2015.09.07}
}

@InProceedings{Parker2009,
  Title                    = {Books and Reading Latin Poetry},
  Author                   = {Parker, Holt N.},
  Booktitle                = {Ancient Literacies: the Culture of Reading in Greece and Rome, ed. William A. Johnson and Holt N. Parker.},
  Year                     = {2009},

  Address                  = {Oxford},
  Publisher                = {Oxford University Press},

  Owner                    = {deyts},
  Timestamp                = {2015.08.16}
}

@Book{Velleius,
  Title                    = {Histoire Romaine},
  Author                   = {Velleius Paterculus},
  Editor                   = {Hellegouarc'h, Joseph},
  Publisher                = {Les Belles Lettres},
  Year                     = {1982},

  Address                  = {Paris},

  Owner                    = {deyts},
  Timestamp                = {2015.08.16}
}

@Book{Pausanias,
  Title                    = {Description de la Grèce},
  Author                   = {Pausanias},
  Editor                   = {Casevitz, M - Pouilloux, J - Jacquemin, A},
  Publisher                = {Les Belles Lettres},
  Year                     = {2002},

  Address                  = {Paris},

  Owner                    = {deyts},
  Timestamp                = {2015.08.15}
}

@Article{Pensabene1997,
  Title                    = {Elementi architettonici dalla Casa di Augusto sul Palatino},
  Author                   = {Pensabene, Patrizio},
  Journal                  = {Römische Mittelungen, Mainz},
  Year                     = {1997},
  Volume                   = {104},

  Owner                    = {deyts},
  Timestamp                = {2015.09.05}
}

@InProceedings{Perret1976,
  Title                    = {Athènes et les légendes troyennes d'Occident},
  Author                   = {Perret, Jacques},
  Booktitle                = {L?Italie préromaine et la Rome républicaine. I. Mélanges offerts à Jacques Heurgon.},
  Year                     = {1976},

  Address                  = {Rome},
  Publisher                = {Ecole Française de Rome},

  Owner                    = {deyts},
  Timestamp                = {2015.08.15}
}

@Book{Perret1942,
  Title                    = {Les Origines de la Légende troyenne de Rome (281?31)},
  Author                   = {Perret, Jacques},
  Publisher                = {Les Belles Lettres},
  Year                     = {1942},

  Address                  = {Paris},
  Series                   = {Collection d'études anciennes publiée sous le patronage de l'Association Guillaume Budé},

  Owner                    = {deyts},
  Timestamp                = {2015.08.16}
}

@InProceedings{Perrin1987,
  Title                    = {La Domus Aurea et l'idéologie néronienne},
  Author                   = {Perrin, Yves},
  Booktitle                = {Le système palatial en Orient, en Grèce et à Rome: actes du colloque de Strasbourg, 19-22 juin 1985},
  Year                     = {1987},

  Address                  = {E. Lévy, Leyden, Brill},
  Organization             = {Centre de Recherche sur le Proche Orient et la Grèce antiques},

  Owner                    = {deyts},
  Timestamp                = {2015.09.25}
}

@Book{Pesando1997,
  Title                    = {Domus : edilizia privata e societa? pompeiana fra III e I secolo a.C.},
  Author                   = {Pesando, Fabrizio},
  Publisher                = {"L'Erma" di Bretschneider},
  Year                     = {1997},

  Address                  = {Roma},

  Owner                    = {deyts},
  Timestamp                = {2015.08.16}
}

@Book{Pesando1994,
  Title                    = {Libri e Biblioteche},
  Author                   = {Pesando, Fabrizio},
  Publisher                = {Museo della civiltà romana},
  Year                     = {1994},

  Address                  = {Roma},

  Owner                    = {deyts},
  Timestamp                = {2015.08.16}
}

@Book{Pesando-Guidobaldi2006,
  Title                    = {Gli ozi di Ercole : residenze di lusso a Pompei ed Ercolano},
  Author                   = {Pesando, Fabrizio et Guidobaldi, Maria Paola},
  Publisher                = {L'Erma di Bretschneider},
  Year                     = {2006},

  Address                  = {Roma},

  Owner                    = {deyts},
  Timestamp                = {2015.08.16}
}

@Book{Petrone,
  Title                    = {Satiricon},
  Author                   = {Pétrone},
  Editor                   = {Ernout, Al},
  Publisher                = {Les Belles Lettres},
  Year                     = {1923},

  Address                  = {Paris},

  Owner                    = {deyts},
  Timestamp                = {2015.08.16}
}

@Book{Pindare,
  Title                    = {Oeuvres (Tome I : Olympiques, Tome II : Pythiques, Tome III : Néméennes, Tome IV : Isthmiques - Fragments)},
  Author                   = {Pindare},
  Editor                   = {Aimé Puech},
  Publisher                = {Les Belles Lettres},
  Year                     = {1922-1967},

  Address                  = {Paris},

  Owner                    = {deyts},
  Timestamp                = {2015.08.15}
}

@InProceedings{PinnaCaboni2008,
  Title                    = {Il foro di cesare : aspetti della decorazione architettonica},
  Author                   = {Pinna Caboni, Beatrice},
  Booktitle                = {Giulio Cesare, L'uomo, le imprese, il mito - catalogue d'exposition a cura di Giovanni Gentili},
  Year                     = {2008},

  Address                  = {Milano},

  Owner                    = {deyts},
  Timestamp                = {2015.09.01}
}

@Book{Republique,
  Title                    = {République (Oeuvres, vvolume VI et VII)},
  Author                   = {Platon},
  Editor                   = {Emile Chambry},
  Publisher                = {Les Belles Lettres},
  Year                     = {1932},

  Address                  = {Paris},

  Owner                    = {deyts},
  Timestamp                = {2015.08.15}
}

@Book{Theetete,
  Title                    = {Théétète (Oeuvres, volume VIII, 2e partie)},
  Author                   = {Platon},
  Editor                   = {Auguste Diès},
  Publisher                = {Les Belles Lettres},
  Year                     = {1923},

  Address                  = {Paris},

  Owner                    = {deyts},
  Timestamp                = {2015.08.15}
}

@Book{Ion,
  Title                    = {Ion (Oeuvres, volume V, 1ère partie)},
  Author                   = {Platon},
  Editor                   = {Louis Méridier},
  Publisher                = {Les Belles Lettres},
  Year                     = {1931},

  Address                  = {Paris},

  Owner                    = {deyts},
  Timestamp                = {2015.08.15}
}

@Book{Hipparque,
  Title                    = {Hipparque (Oeuvres, volume XIII, 2e partie)},
  Author                   = {Platon},
  Editor                   = {Joseph Souilhé},
  Publisher                = {Les Belles Lettres},
  Year                     = {1930},

  Address                  = {Paris},

  Owner                    = {deyts},
  Timestamp                = {2015.08.15}
}

@Book{PlutarqueVies,
  Title                    = {Vies parallèles},
  Author                   = {Plutarque},
  Editor                   = {Flacellière, R. et Chambry, E.},
  Publisher                = {Les Belles Lettres},
  Year                     = {1999},

  Address                  = {Paris},

  Owner                    = {deyts},
  Timestamp                = {2015.08.15}
}

@InProceedings{Pouzadoux2005,
  Title                    = {L'invention des images dans la seconde moitié du IVe siècle : entre peintres et commanditaires},
  Author                   = {Pouzadoux, Claude},
  Booktitle                = {La céramique Apulienne - bilan et perspectives - ed. par Martine Denoyelle, Enzo Lippolis, Marina Mazzei, Claude Pouzadoux - Table Ronde EFR},
  Year                     = {2005},

  Address                  = {Naples},
  Organization             = {Centre Jean Bérard},

  Owner                    = {deyts},
  Timestamp                = {2015.08.16}
}

@Book{Powell2008,
  Title                    = {Virgil the Partisan ? A study in the re-integration of classics},
  Author                   = {Powell, Anton},
  Publisher                = {The Classical Press of Wales},
  Year                     = {2008},

  Address                  = {Swansea},

  Owner                    = {deyts},
  Timestamp                = {2015.09.01}
}

@InProceedings{Powell2002,
  Title                    = {« The Island amid the Flame » : The Strategy and Imagery of Sextus Pompeius, 43-36 BC},
  Author                   = {Powell, Anton},
  Booktitle                = {Sextus Pompeius , editors Anton Powell and Kathryn Welch},
  Year                     = {2002},
  Publisher                = {Classical Press of Wales},

  Owner                    = {deyts},
  Timestamp                = {2015.09.01}
}

@Book{Properce,
  Title                    = {Elégies},
  Author                   = {Properce},
  Editor                   = {Viarre, Simone},
  Publisher                = {Les Belles Lettres},
  Year                     = {2005},

  Address                  = {Paris},

  Owner                    = {deyts},
  Timestamp                = {2015.08.16}
}

@Book{Provenzale2008,
  Title                    = {Echi di propaganda imperiale in scene di coppia a Pompei},
  Author                   = {Provenzale, Veronica},
  Publisher                = {Quasar},
  Year                     = {2008},

  Address                  = {Rome},

  Owner                    = {deyts},
  Timestamp                = {2015.09.01}
}

@Book{Rawson2003,
  Title                    = {Children and Childhood in Roman Italy},
  Author                   = {Rawson, Beryl},
  Publisher                = {Oxford University Press},
  Year                     = {2003},

  Address                  = {Oxford},

  Owner                    = {deyts},
  Timestamp                = {2015.09.01}
}

@Book{Reggiani1990,
  Title                    = {Educazione e scuola},
  Author                   = {Reggiani, Anna-Maria},
  Publisher                = {Quasar},
  Year                     = {1990},

  Address                  = {Roma},
  Series                   = {coll. Vita e Costumi dei Romani Antichi},

  Owner                    = {deyts},
  Timestamp                = {2015.08.17}
}

@Book{Rengakos1993,
  Title                    = {Der Homertext und die hellenistischen Dichter},
  Author                   = {Rengakos, Antonios},
  Publisher                = {F. Steiner Verlag},
  Year                     = {1993},

  Address                  = {Stuttgart},

  Owner                    = {deyts},
  Timestamp                = {2015.08.16}
}

@Book{Heraclite,
  Title                    = {Allégories d'Homère},
  Author                   = {Héraclite le Rhéteur},
  Editor                   = {Buffière, Félix},
  Publisher                = {Les Belles Lettres},
  Year                     = {1962},

  Address                  = {Paris},

  Owner                    = {deyts},
  Timestamp                = {2015.08.16}
}

@Book{Richardson2000,
  Title                    = {A Catalog of Identifiable Figure Painters of ancient Pompeii, Herculanum, and Stabiae},
  Author                   = {Richardson Jr., Lawrence},
  Publisher                = {Johns Hopkins University Press},
  Year                     = {2000},

  Address                  = {Baltimore},

  Owner                    = {deyts},
  Timestamp                = {2015.09.01}
}

@Book{Rizzo1933,
  Title                    = {La base di Augusto (Sorrento - Museo Correale di Terranova)},
  Author                   = {Rizzo, Giuseppe E.},
  Publisher                = {Museo Correale},
  Year                     = {1933},

  Address                  = {Naples},

  Owner                    = {deyts},
  Timestamp                = {2015.09.06}
}

@Book{Roddaz1984,
  Title                    = {Marcus Agrippa},
  Author                   = {Roddaz, Jean-Michel},
  Publisher                = {EFR},
  Year                     = {1984},

  Address                  = {Rome},

  Owner                    = {deyts},
  Timestamp                = {2015.08.17}
}

@Article{Roddaz1980,
  Title                    = {Un thème de la « propagande » augustéenne : l'image populaire d'Agrippa},
  Author                   = {Roddaz, Jean-Michel},
  Journal                  = {Mélanges de l'Ecole française de Rome. Antiquité},
  Year                     = {1980},
  Volume                   = {92, n°2},

  Owner                    = {deyts},
  Timestamp                = {2015.09.01}
}

@Book{Roussel1991,
  Title                    = {Biographie légendaire d'Achille},
  Author                   = {Monique Roussel},
  Publisher                = {A. M. Hakkert},
  Year                     = {1991},

  Address                  = {Amsterdam},

  Owner                    = {deyts},
  Timestamp                = {2015.08.15}
}

@InProceedings{Rouveret2007,
  Title                    = {Collections romaines de tableaux grecs},
  Author                   = {Rouveret, Agnès},
  Booktitle                = {Neronia VII - Rome, l'Italie et la Grèce - Hellénisme et philhellénisme au premier siècle après J.-C. - Actes du VIIe colloque international de la SIEN édités par Yves Perrin - Latomus},
  Year                     = {2007},

  Address                  = {Bruxelles},

  Owner                    = {deyts},
  Timestamp                = {2015.09.01}
}

@Book{Rouveret1989,
  Title                    = {Histoire et imaginaire de la peinture ancienne, Ve s. av. ? Ier s. ap.},
  Author                   = {Rouveret, Agnès},
  Publisher                = {EFR},
  Year                     = {1989},

  Address                  = {Rome},

  Owner                    = {deyts},
  Timestamp                = {2015.09.01}
}

@Book{Royo1999,
  Title                    = {Domus imperatoriae - Topographie, formation et imaginaire des palais impériaux du Palatin (IIe s. av J.-C. - Ier s. ap. J.-C.)},
  Author                   = {Royo, Manuel},
  Publisher                = {EFR},
  Year                     = {1999},

  Address                  = {Rome},

  Owner                    = {deyts},
  Timestamp                = {2015.09.05}
}

@Book{Sadurska1964,
  Title                    = {Les Tables Iliaques},
  Author                   = {Sadurska, Anna},
  Publisher                = {Editions Scientifiques de Pologne},
  Year                     = {1964},

  Address                  = {Varsovie},

  Owner                    = {deyts},
  Timestamp                = {2015.09.01}
}

@Book{Lucien,
  Title                    = {Eloge de la danse},
  Author                   = {Lucien de Samosate},
  Editor                   = {Terreaux, Claude},
  Publisher                = {Arlea},
  Year                     = {2007},

  Address                  = {Paris},

  Owner                    = {deyts},
  Timestamp                = {2015.08.16}
}

@Book{Sauron2013,
  Title                    = {L'art romain, des conquêtes aux guerres civiles},
  Author                   = {Sauron, Gilles},
  Publisher                = {A. et J. Picard},
  Year                     = {2013},

  Address                  = {Paris},

  Owner                    = {deyts},
  Timestamp                = {2015.08.17}
}

@Book{Sauron2009,
  Title                    = {Les décors privés des Romains, IIe siècle av. J.-C. ? IIIe siècle après J.-C. Dans l?intimité des maîtres du monde.},
  Author                   = {Sauron, Gilles},
  Publisher                = {A. et J. Picard},
  Year                     = {2009},

  Address                  = {Paris},

  Owner                    = {deyts},
  Timestamp                = {2015.08.16}
}

@InProceedings{Sauron2009-2,
  Title                    = {Du triumvirat au début du principat : la construction du mythe augustéen},
  Author                   = {Sauron, Gilles},
  Booktitle                = {Le Principat d'Auguste - Réalités et représentations du pouvoir autour de la Res Publica Restituta, sous la direction de Frédéric Hurlet et Bernard Mineo},
  Year                     = {2009},

  Address                  = {Rennes},

  Owner                    = {deyts},
  Timestamp                = {2015.09.01}
}

@Book{Sauron2000,
  Title                    = {L'histoire végétalisée : ornement et politique à Rome},
  Author                   = {Sauron, Gilles},
  Publisher                = {Picard},
  Year                     = {2000},

  Address                  = {Paris},

  Owner                    = {deyts},
  Timestamp                = {2015.09.01}
}

@InProceedings{Sauron1999,
  Title                    = {Légende noire et mythe de l?âge d?or},
  Author                   = {Sauron, Gilles},
  Booktitle                = {Le mythe grec dans l?Italie antique, 1996},
  Year                     = {1999},

  Address                  = {Rome},
  Organization             = {EFR},

  Owner                    = {deyts},
  Timestamp                = {2015.09.01}
}

@Article{Sauron1997,
  Title                    = {Un conflit qui s'éternise : la guerre de Sperlonga},
  Author                   = {Sauron, Gilles},
  Journal                  = {Revue Archéologique, PUF, Paris},
  Year                     = {1997},

  Owner                    = {deyts},
  Timestamp                = {2015.08.17}
}

@Book{Sauron1993,
  Title                    = {Quis deum ? L'expression plastique des idéologies politiques et religieuses à Rome à la fin de la République et au début du Principat},
  Author                   = {Sauron, Gilles},
  Publisher                = {EFR},
  Year                     = {1993},

  Address                  = {Rome},

  Owner                    = {deyts},
  Timestamp                = {2015.08.17}
}

@Article{Sauron1991,
  Title                    = {De Buthrote à Sperlonga : à propos d?une étude récente sur le thème de la grotte dans les décors romains},
  Author                   = {Sauron, Gilles},
  Journal                  = {Revue Archéologique, PUF, Paris},
  Year                     = {1991},

  Owner                    = {deyts},
  Timestamp                = {2015.08.17}
}

@InProceedings{Sauron1987,
  Title                    = {Le complexe pompéien du champ de Mars},
  Author                   = {Sauron, Gilles},
  Booktitle                = {L'Urbs, espace urbain et histoire},
  Year                     = {1987},

  Address                  = {Rome},
  Organization             = {EFR},

  Owner                    = {deyts},
  Timestamp                = {2015.09.01}
}

@InProceedings{Sauron1981,
  Title                    = {Aspects du néo-atticisme à la fin du Ier s. av. J.-C. : formes et symboles},
  Author                   = {Sauron, Gilles},
  Booktitle                = {L'art décoratif à Rome - dirigé par G. Sauron et X. Lafon},
  Year                     = {1981},

  Address                  = {Rome},
  Publisher                = {EFR},

  Owner                    = {deyts},
  Timestamp                = {2015.09.06}
}

@InProceedings{Scheid2009,
  Title                    = {Les restaurations religieuses d'Octavien / Auguste},
  Author                   = {Scheid, John},
  Booktitle                = {Le Principat d'Auguste - Réalités et représentations du pouvoir autour de la Res Publica Restituta Sous la direction de Frédéric Hurlet et Bernard Mineo, Rennes},
  Year                     = {2009},

  Owner                    = {deyts},
  Timestamp                = {2015.09.06}
}

@Book{Schilling1954,
  Title                    = {La religion romaine de Vénus depuis les origines jusqu'au temps d'Auguste},
  Author                   = {Schilling, Robert},
  Publisher                = {E. De Boccard},
  Year                     = {1954},

  Address                  = {Paris},

  Owner                    = {deyts},
  Timestamp                = {2015.08.16}
}

@Book{Schwartz1960,
  Title                    = {Pseudo-Hesiodeia : Recherches sur la composition, la diffusion et la disparition anciennes d'oeuvres attribuées à Hésiode},
  Author                   = {Jacques Schwartz},
  Publisher                = {E. J. Brill},
  Year                     = {1960},

  Address                  = {Leiden},

  Owner                    = {deyts},
  Timestamp                = {2015.08.15}
}

@Book{Sechan1967,
  Title                    = {Etudes sur la tragédie grecque dans ses rapports avec la céramique},
  Author                   = {Séchan, Louis},
  Publisher                = {Librairie Honoré Champion éditeur},
  Year                     = {1967},

  Address                  = {Paris},

  Owner                    = {deyts},
  Timestamp                = {2015.08.16}
}

@Book{Segala1999,
  Title                    = {Domus Aurea},
  Author                   = {Segala, Elisabetta},
  Publisher                = {Electa},
  Year                     = {1999},

  Address                  = {Milan},

  Owner                    = {deyts},
  Timestamp                = {2015.09.25}
}

@Book{SenequeTragedies,
  Title                    = {Tragédies},
  Author                   = {Sénèque},
  Editor                   = {Chaumartin, François-Régis},
  Publisher                = {Les Belles Lettres},
  Year                     = {2011},

  Address                  = {Paris},

  Owner                    = {deyts},
  Timestamp                = {2015.08.16}
}

@Book{SenequeLettres,
  Title                    = {Lettres à Lucilius},
  Author                   = {Sénèque},
  Editor                   = {Noblot Henri},
  Publisher                = {Les Belles Lettres},
  Year                     = {2007},

  Address                  = {Paris},

  Owner                    = {deyts},
  Timestamp                = {2015.08.16}
}

@Book{SenequeApocol.,
  Title                    = {L'Apocoloquintose du Divin Claude},
  Author                   = {Sénèque},
  Editor                   = {Waltz, René},
  Publisher                = {Les Belles Lettres},
  Year                     = {1934},

  Address                  = {Paris},

  Owner                    = {deyts},
  Timestamp                = {2015.08.16}
}

@Book{Seneque-consolations,
  Title                    = {Dialogues. Volume III : Consolations},
  Author                   = {Sénèque},
  Editor                   = {Waltz, René},
  Publisher                = {Les Belles Lettres},
  Year                     = {1923},

  Address                  = {Paris},

  Owner                    = {deyts},
  Timestamp                = {2015.08.15}
}

@Book{Diodore,
  Title                    = {Bibliothèque historique},
  Author                   = {Diodore de Sicile},
  Editor                   = {Goukowsky, Paul},
  Publisher                = {Les Belles Lettres},
  Year                     = {2014},

  Address                  = {Paris},

  Owner                    = {deyts},
  Timestamp                = {2015.08.16}
}

@Book{Sistakou2008,
  Title                    = {Reconstructing the Epic : Cross-Readings of the Trojan Myth in Hellenistic Poetry},
  Author                   = {Sistakou, Evina},
  Publisher                = {Peeters},
  Year                     = {2008},

  Address                  = {Leuven},

  Owner                    = {deyts},
  Timestamp                = {2015.08.16}
}

@Book{Smith1849,
  Title                    = {Dictionary of Greek and Roman Biography and Mythology},
  Author                   = {Smith, William (ed.)},
  Year                     = {1849},

  Owner                    = {deyts},
  Timestamp                = {2015.09.01}
}

@Book{Sommerstein2002,
  Title                    = {Greek Drama and Dramatists},
  Author                   = {Sommerstein, Alan H.},
  Publisher                = {Routledge Press},
  Year                     = {2002},

  Address                  = {London},

  Owner                    = {deyts},
  Timestamp                = {2015.08.15}
}

@Book{Sophocle,
  Title                    = {Ajax, Philoctète},
  Author                   = {Sophocle},
  Editor                   = {Dain, Alphonse et Mazon, Paul},
  Publisher                = {Les Belles Lettres},
  Year                     = {1958-1960},

  Address                  = {Paris},

  Owner                    = {deyts},
  Timestamp                = {2015.08.16}
}

@InProceedings{Sordi2007,
  Title                    = {Claudio e il mondo greco},
  Author                   = {Sordi, Marta},
  Booktitle                = {Neronia VII - Rome, l'Italie et la Grèce - Hellénisme et philhellénisme au premier siècle après J.-C. - Actes du VIIe colloque international de la SIEN édités par Yves Perrin - Latomus},
  Year                     = {2007},

  Address                  = {Bruxelles},

  Owner                    = {deyts},
  Timestamp                = {2015.09.01}
}

@Book{Squire2011,
  Title                    = {The Iliad in a Nutshell. Visualizing Epic on the Tabulae Iliacae},
  Author                   = {Squire, Michael},
  Publisher                = {Oxford University Press},
  Year                     = {2011},

  Address                  = {Oxford},

  Owner                    = {deyts},
  Timestamp                = {2015.09.01}
}

@Book{Strabon,
  Title                    = {Géographie},
  Author                   = {Strabon},
  Editor                   = {Laudenbach, Benoît},
  Publisher                = {Les Belles Lettres},
  Year                     = {2015},

  Address                  = {Paris},

  Owner                    = {deyts},
  Timestamp                = {2015.08.16}
}

@InProceedings{Strazzulla1999,
  Title                    = {Il mito greco in età augustea ? le lastre campana e il caso di Teseo},
  Author                   = {Strazzulla, Maria-Josè},
  Booktitle                = {Le mythe Grec dans l?Italie Antique},
  Year                     = {1999},

  Address                  = {Rome},
  Publisher                = {EFR},

  Owner                    = {deyts},
  Timestamp                = {2015.08.17}
}

@InProceedings{Stroia2007,
  Title                    = {Les rapports entre l'Ilias Latina et l'Iliade d'Homère},
  Author                   = {Stroia, Liviu},
  Booktitle                = {Neronia VII - Rome, l'Italie et la Grèce - Hellénisme et philhellénisme au premier siècle après J.-C. - Actes du VIIe colloque international de la SIEN édités par Yves Perrin - Latomus},
  Year                     = {2007},

  Address                  = {Bruxelles},

  Owner                    = {deyts},
  Timestamp                = {2015.09.01}
}

@Book{Suetone,
  Title                    = {Vie des Douze Césars, vol. I (César, Auguste) et II (Tibère à Néron)},
  Author                   = {Suétone},
  Editor                   = {Henri Ailloud},
  Publisher                = {Les Belles Lettres},
  Year                     = {1931},

  Address                  = {Paris},

  Owner                    = {deyts},
  Timestamp                = {2015.08.15}
}

@Book{Tacite,
  Title                    = {Annales},
  Author                   = {Tacite},
  Editor                   = {Wuilleumier},
  Publisher                = {Les Belles Lettres},
  Year                     = {1975},

  Address                  = {Paris},

  Owner                    = {deyts},
  Timestamp                = {2015.08.16}
}

@Book{Thompson1893,
  Title                    = {Handbook of Greek and Latin palaeography},
  Author                   = {Thompson, Edward Maunde},
  Publisher                = {D. Appleton \& Co.},
  Year                     = {1893},

  Address                  = {New-York},

  Owner                    = {deyts},
  Timestamp                = {2015.09.01}
}

@Book{Thucydide,
  Title                    = {La Guerre du Péloponnèse},
  Author                   = {Thucydide},
  Editor                   = {De Romilly, Jacqueline},
  Publisher                = {Les Belles Lettres},
  Year                     = {2009},

  Address                  = {Paris},

  Owner                    = {deyts},
  Timestamp                = {2015.08.15}
}

@Book{Tibulle,
  Title                    = {Elégies},
  Author                   = {Tibulle},
  Editor                   = {Ponchont, Max},
  Publisher                = {Les Belles Lettres},
  Year                     = {1926},

  Address                  = {Paris},

  Owner                    = {deyts},
  Timestamp                = {2015.08.16}
}

@Book{Todisco2006,
  Title                    = {Pittura e ceramica figurata tra Grecia, Magna Grecia e Sicilia},
  Author                   = {Todisco, Luigi},
  Publisher                = {La Biblioteca},
  Year                     = {2006},

  Address                  = {Bari},

  Owner                    = {deyts},
  Timestamp                = {2015.08.16}
}

@Article{Tomei1990,
  Title                    = {Le tre « Danaidi » in nero antico dal Palatino},
  Author                   = {Tomei, Maria Antonietta},
  Journal                  = {Bollettino di Archeologia, Rome},
  Year                     = {1990},
  Volume                   = {5-6},

  Owner                    = {deyts},
  Timestamp                = {2015.09.07}
}

@InProceedings{Torelli1981,
  Title                    = {Il commercio greco in Etruria tra l'VIII ed il VI secolo A.C.},
  Author                   = {Torelli, Mario},
  Booktitle                = {Il commercio greco nel Tirreno in età arcaica (atti del seminario in memoria di Mario Napoli) - Università degli studi Salerno},
  Year                     = {1981},
  Publisher                = {Centro stampa dell'università},

  Owner                    = {deyts},
  Timestamp                = {2015.08.15}
}

@Book{Touchefeu1968,
  Title                    = {Thèmes Odysséens dans l?art antique},
  Author                   = {Touchefeu-Meynier, Odette},
  Publisher                = {E. de Boccard},
  Year                     = {1968},

  Address                  = {Paris},

  Owner                    = {deyts},
  Timestamp                = {2015.08.17}
}

@Book{Turcan1987,
  Title                    = {Vivre à la cour des Césars},
  Author                   = {Turcan, Robert},
  Publisher                = {Les Belles Lettres},
  Year                     = {1987},

  Address                  = {Paris},

  Owner                    = {deyts},
  Timestamp                = {2015.09.05}
}

@InProceedings{Vagnetti1991,
  Title                    = {L'encadrement chronologique et les formes de la présence égéenne en Italie},
  Author                   = {Vagnetti, Lucia},
  Booktitle                = {Epeios et Philoctète en Italie - Cahiers du centre Jean Bérard - (Colloque Lille II 1987) présenté par J. de la Genière},
  Year                     = {1991},

  Address                  = {Naples},

  Owner                    = {deyts},
  Timestamp                = {2015.08.15}
}

@Book{Vallet1996,
  Title                    = {Le monde grec colonial d'Italie du sud et de Sicile},
  Author                   = {Vallet, Georges},
  Publisher                = {EFR},
  Year                     = {1996},

  Address                  = {Rome},

  Owner                    = {deyts},
  Timestamp                = {2015.08.16}
}

@Book{AureliusVictor,
  Title                    = {Origo Gentis Romae},
  Author                   = {Aurelius Victor},
  Editor                   = {Richard, Jean-Claude},
  Publisher                = {Les Belles Lettres},
  Year                     = {1983},

  Address                  = {Paris},

  Owner                    = {deyts},
  Timestamp                = {2015.08.15}
}

@Book{VirisIllustribus,
  Title                    = {De Viris Illustribus},
  Author                   = {Aurelius Victor},
  Editor                   = {Sherwin Jr., Walter K.},
  Publisher                = {University of Oklahoma Press},
  Year                     = {1973},

  Owner                    = {deyts},
  Timestamp                = {2015.08.16}
}

@Book{Vigourt2001,
  Title                    = {Les présages impériaux d'Auguste à Domitien},
  Author                   = {Vigourt, Annie},
  Publisher                = {Université de Strasbourg},
  Year                     = {2001},

  Address                  = {Paris},

  Owner                    = {deyts},
  Timestamp                = {2015.09.06}
}

@Book{Eneide,
  Title                    = {Énéide},
  Author                   = {Virgile},
  Editor                   = {Perret, Jacques et Veyne, Paul},
  Publisher                = {Les Belles Lettres},
  Year                     = {2013},

  Address                  = {Paris},

  Owner                    = {deyts},
  Timestamp                = {2015.08.15}
}

@Book{Georgiques,
  Title                    = {Géorgiques},
  Author                   = {Virgile},
  Editor                   = {de Saint-Denis, Eugène},
  Publisher                = {Les Belles Lettres},
  Year                     = {1998},

  Address                  = {Paris},

  Owner                    = {deyts},
  Timestamp                = {2015.08.16}
}

@Book{Bucoliques,
  Title                    = {Bucoliques},
  Author                   = {Virgile},
  Editor                   = {de Saint-Denis, Eugène},
  Publisher                = {Les Belles Lettres},
  Year                     = {1997},

  Address                  = {Paris},

  Owner                    = {deyts},
  Timestamp                = {2015.08.16}
}

@Book{Viscogliosi2005,
  Title                    = {Il tempio di Apollo in Circo e la formazione del linguaggio architettonico augusteo},
  Author                   = {Viscogliosi, Alessandro},
  Publisher                = {"L'Erma" di Bretschneider},
  Year                     = {2005},

  Address                  = {Rome},

  Owner                    = {deyts},
  Timestamp                = {2015.09.06}
}

@Book{Vitruve,
  Title                    = {De Architectura},
  Author                   = {Vitruve},
  Editor                   = {Fleury, Philippe},
  Publisher                = {Les Belles Lettres},
  Year                     = {1990},

  Address                  = {Paris},

  Owner                    = {deyts},
  Timestamp                = {2015.08.16}
}

@Book{Weinstock1971,
  Title                    = {Divus Julius},
  Author                   = {Weinstock, Stefan},
  Publisher                = {Oxford University Press},
  Year                     = {1971},

  Address                  = {Oxford},

  Owner                    = {deyts},
  Timestamp                = {2015.08.16}
}

@Book{Wiseman1987,
  Title                    = {Roman Studies : Literary and Historical},
  Author                   = {Wiseman, Timothy Peter},
  Publisher                = {Cairns},
  Year                     = {1987},

  Address                  = {Liverpool},

  Owner                    = {deyts},
  Timestamp                = {2015.09.01}
}

@Book{Wiseman1974,
  Title                    = {Wiseman, Legendary Genealogies in Late Republican Rome},
  Author                   = {Wiseman, Timothy Peter},
  Publisher                = {Greece and Rome 21},
  Year                     = {1974},

  Owner                    = {deyts},
  Timestamp                = {2015.08.16}
}

@InProceedings{Woolf2009,
  Title                    = {Literacy or literacies in Ancient Rome ?},
  Author                   = {Woolf, Greg},
  Booktitle                = {Ancient Literacies, the culture of reading in Greece and Rome, edited by William A. Johnson and Holt N. Parker},
  Year                     = {2009},

  Address                  = {Oxford},
  Publisher                = {Oxford University Press},

  Owner                    = {deyts},
  Timestamp                = {2015.09.01}
}

@Book{Woolford2003,
  Title                    = {Images of myths in classical Antiquity, Cambridge 2003},
  Author                   = {Woolford, Simon},
  Publisher                = {Cambridge University Press},
  Year                     = {2003},

  Address                  = {Cambridge},

  Owner                    = {deyts},
  Timestamp                = {2015.09.01}
}

@Book{Wunsche1998,
  Title                    = {Il Torso del Belvedere Da Aiace a Rodin (Catalogo Mostra tra Musei Vaticani e Glyptothek München)},
  Author                   = {Wünsche, Raimund},
  Year                     = {1998},

  Address                  = {Città del Vaticano},

  Owner                    = {deyts},
  Timestamp                = {2015.08.17}
}

@Book{Zanker2007,
  Title                    = {The power of Images in the age of Augustus},
  Author                   = {Zanker, Paul},
  Publisher                = {University of Michigan Press},
  Year                     = {2007},

  Owner                    = {deyts},
  Timestamp                = {2015.09.07}
}

@Book{Zanker1984,
  Title                    = {Il foro di Augusto},
  Author                   = {Zanker, Paul},
  Publisher                = {Fratelli Palombi},
  Year                     = {1984},

  Address                  = {Rome},

  Owner                    = {deyts},
  Timestamp                = {2015.09.06}
}

@comment{jabref-meta: groupsversion:3;}

@comment{jabref-meta: groupstree:
0 AllEntriesGroup:;
1 ExplicitGroup:Auteurs antiques\;0\;Appien\;AuluGelle\;AureliusVictor
\;Bucoliques\;CicBrutus\;CicCorrespondance\;CicDeFinibus\;CicOfficiis\
;CicTusculanes\;Denys\;Diodore\;Diogene\;Dion\;Eneide\;Eschine\;Eschyl
e\;Euripide\;Fables\;Fastes\;Georgiques\;Heraclite\;Herodote\;Hipparqu
e\;HoraceEpitres\;HoraceOdes\;HoraceSatires\;Iliade\;Ion\;Lucien\;Lucr
ece\;Lycophron\;Odyssee\;Oratore\;Pausanias\;Petrone\;Pindare\;Pline\;
PlutarqueVies\;Properce\;Republique\;Seneque-consolations\;SenequeApoc
ol.\;SenequeLettres\;SenequeTragedies\;Silius\;Sophocle\;Strabon\;Suet
one\;Tacite\;Theetete\;Thucydide\;Tibulle\;Velleius\;VirisIllustribus\
;Vitruve\;;
1 ExplicitGroup:Auteurs modernes\;0\;Albertson1990\;Alfoldi1963\;Amper
e1862\;Andreae1982\;Antonaccio1994\;Babelon1886\;Ballabriga1996\;Bonne
r1977\;Boucher1976\;Braccesi1984\;Briggs1997\;Brilliant1984\;Briquel19
87\;Briquel1999\;Briquel2001\;Brizio1876\;Buffiere1956\;Cameron2004\;C
ameron2009\;Capdeville1993\;Cappelli1993\;Carcopino1927\;Carettoni1961
\;Cipolloni1986\;CisottoNalon1990\;Coarelli1983\;Coarelli1996\;Coarell
i1997-2\;CroissantMullerProst2002\;Crowther1987\;Dardenay2010\;DeCarol
is2000\;DeRose1992\;DeSanctis2007\;Decker-Thuillier2004\;DelCorno2004\
;Denti2007\;Detienne1957\;Detienne1958\;Detienne1962\;Drury-Moyaers198
1\;Dumezil1973\;Dupont2009\;Eneanellazio\;Enenkel2005\;Erskine2001\;Et
ienne1966\;Fabre-Serris1998\;Faulkner2008\;Finkelberg2003\;Frezouls199
6\;Fuchs1959\;Gage1930\;Gage1972\;Gage1981\;Galinsky1969\;Galinsky1996
\;Garelli2007\;Ghali-Kahil1955\;Giangiulio1991\;Grane2012\;Gras1985\;G
raziosi2004\;Gros1994\;Hardie-Barchiesi-Hinds1999\;Harris1989\;Herbert
-Brown1994\;Houston2009\;Hubaux1932\;Hugues1999\;Jal1963\;Jolivet2000\
;Joly1978\;Jouan1966\;Kampen1991\;Kebric1983\;LaRocca1996\;Lavagne1988
\;Leach1994\;Leach2004\;Leveque1959\;Ling1991\;LippolisGarrafoNafissi1
995\;Lissarague2007\;Lowenstam2008\;Lycophron\;Maiuri1961\;Mannino2005
\;Marrou1948\;Massa-Pairault1992\;Mauduit1997\;Mazarakis1999\;Meneghin
i2010\;Milnor2009\;Moret1975\;Mountford2011\;Musti1991\;Nafissi1992\;N
doye2007\;Nenci1991\;Nicolet-Pierre2005\;Oliver1957\;Ornaghi2004\;Park
er2009\;Perret1942\;Perret1976\;Pesando-Guidobaldi2006\;Pesando1994\;P
esando1997\;PinnaCaboni2008\;Pouzadoux2005\;Powell2002\;Powell2008\;Pr
ovenzale2008\;Rawson2003\;Reggiani1990\;Rengakos1993\;Richardson2000\;
Roddaz1980\;Roddaz1984\;Roussel1991\;Rouveret1989\;Rouveret2007\;Sadur
ska1964\;Sauron1987\;Sauron1991\;Sauron1993\;Sauron1997\;Sauron1999\;S
auron2000\;Sauron2009\;Sauron2009-2\;Sauron2013\;Schilling1954\;Schwar
tz1960\;Sechan1967\;Sistakou2008\;Smith1849\;Sommerstein2002\;Sordi200
7\;Squire2011\;Strazzulla1999\;Stroia2007\;Thompson1893\;Todisco2006\;
Torelli1981\;Touchefeu1968\;Vagnetti1991\;Vallet1996\;Weinstock1971\;W
iseman1974\;Wiseman1987\;Woolf2009\;Woolford2003\;Wunsche1998\;;
}

