@Article{Albertson1990,
  Title                    = {The Basilic Aemilia Frieze: Religion and Politics in Late Republican Rome},
  Author                   = {Albertson, Fred C.},
  Journal                  = {Latomus},
  Year                     = {1990},
  Volume                   = {49, 4},
  Pages                    = {801--815},

  Owner                    = {deyts},
  Timestamp                = {2015.09.01}
}

@InProceedings{AlfieriTonini2007,
  Title                    = {Epigrafia del Laocoonte},
  Author                   = {Alfieri Tonini, Teresa},
  Booktitle                = {Il Laocoonte dei Musei Vaticani, 500 anni dalla scoperta, a cura di Giorgio Bejor, Quaderni di Acme 93},
  Year                     = {2007},

  Address                  = {Milan},
  Organization             = {Università degli Studi di Milano, Facoltà di Lettere e Filosofia},
  Publisher                = {Cisalpino},
  Pages                    = {41--157},

  Owner                    = {deyts},
  Timestamp                = {2015.09.18}
}

@Book{Alfoldi1963,
  Title                    = {Early Rome and the Latins},
  Author                   = {Andreas Alföldi},
  Publisher                = {Ann Arbor, Michigan Press},
  Year                     = {1963},

  Owner                    = {deyts},
  Timestamp                = {2015.08.15}
}

@Book{Ampere1862,
  Title                    = {Histoire Romaine},
  Author                   = {Ampère, Jean-Jacques},
  Publisher                = {M. Lévy Frères},
  Year                     = {1862},

  Address                  = {Paris},

  Owner                    = {deyts},
  Timestamp                = {2015.09.01}
}

@Book{Andreae1982,
  Title                    = {Odisseus, Archäologie des europäischen Menschendbildes},
  Author                   = {Andreae, Bernard},
  Publisher                = {Societaets-Verlag},
  Year                     = {1982},

  Address                  = {Frankfurt},

  Owner                    = {deyts},
  Timestamp                = {2015.08.17}
}

@Article{Antonaccio1994,
  Title                    = {Contesting the past: Hero Cult, Tomb Cult, and Epic in Early Greece},
  Author                   = {Antonaccio, Carla M.},
  Journal                  = {American Journal of Archaeology},
  Year                     = {1994},
  Volume                   = {98},
  Pages                    = {389--410},

  Owner                    = {deyts},
  Timestamp                = {2015.08.15}
}

@Book{AtnallyConlin1997,
  Title                    = {The artists of the Ara Pacis - The process of hellenization in roman relief sculpture},
  Author                   = {Atnally Conlin, Diane},
  Publisher                = {University of North Carolina Press},
  Year                     = {1997},

  Owner                    = {deyts},
  Timestamp                = {2015.09.06}
}

@Book{Babelon1886,
  Title                    = {Description historique et chronologique des monnaies de la République Romaine},
  Author                   = {Babelon, Ernest},
  Publisher                = {Rommin et Feuardent},
  Year                     = {1885-1886},

  Address                  = {Paris},

  Owner                    = {deyts},
  Timestamp                = {2015.09.01}
}

@Article{Ballabriga1996,
  Title                    = {Survie et descendance d'Énée? Le mythe grec archaïque},
  Author                   = {Ballabriga, Alain},
  Journal                  = {Kernos},
  Year                     = {1996},
  Volume                   = {9},
  Pages                    = {22--39},

  Owner                    = {deyts},
  Timestamp                = {2015.09.01}
}

@InProceedings{Barchiesi2006,
  Title                    = {La Traccia del modello: Effetti Omerici nella Narrazione Virgiliana},
  Author                   = {Barchiesi, Alessandro},
  Booktitle                = {Réceptions antiques - lecture, transmission, appropriation intellectuelle - éd. Laetitia Ciccolini, Charles Guérin, Stéphane Itic et Sébastien Morlet},
  Year                     = {2006},
  Pages                    = {106--122},

  Address                  = {Paris},
  Publisher                = {Editions Rue d'Ulm},

  Owner                    = {deyts},
  Timestamp                = {2015.09.05}
}

@InProceedings{Beaujeu1974,
  Title                    = {Les frères de Quirinus (à propos de Virgile, \'Enéide I, 292, et de Properce IV, 1, 9)},
  Author                   = {Beaujeu, Jean},
  Booktitle                = {Mélanges de philosophie, de littérature et d'histoire ancienne offerts à Pierre Boyancé (Publications de l'École française de Rome, 22)},
  Year                     = {1974},
  Pages                    = {57--72},

  Address                  = {Rome},
  Publisher                = {EFR},

  Owner                    = {deyts},
  Timestamp                = {2015.09.05}
}

@Book{Bonner1977,
  Title                    = {Education in Ancient Rome, from the Elder Cato to the Younger Pliny},
  Author                   = {Bonner, Stanley F.},
  Publisher                = {Methen \& C. Ltd.},
  Year                     = {1977},

  Address                  = {London},

  Owner                    = {deyts},
  Timestamp                = {2015.09.01}
}

@InProceedings{Boucher1976,
  Title                    = {Sur l'influence des grands tragiques latins},
  Author                   = {Boucher, Jean-Paul},
  Booktitle                = {L'Italie préromaine et la Rome républicaine. I. Mélanges offerts à Jacques Heurgon (Publications de l'École française de Rome, 27)},
  Year                     = {1976},
  Pages                    = {59--64},

  Address                  = {Rome},
  Organization             = {École française de Rome},

  Owner                    = {deyts},
  Timestamp                = {2015.09.01}
}

@Article{Boyle1986,
  Title                    = {The Chaonian Dove - studies in the \emph{Eclogues}, \emph{Georgics}, and \emph{Aeneid} of Virgil},
  Author                   = {Boyle, Anthony J.},
  Journal                  = {Mnemosyne, Leiden},
  Year                     = {1986},
  Volume                   = {94},

  Owner                    = {deyts},
  Timestamp                = {2015.09.05}
}

@Book{Braccesi1984,
  Title                    = {La legenda di Antenore, da Troia a Padova},
  Author                   = {Lorenzo Braccesi},
  Publisher                = {Signum Edizioni},
  Year                     = {1984},

  Address                  = {Padoue},

  Owner                    = {deyts},
  Timestamp                = {2015.08.15}
}

@Book{Briggs1997,
  Title                    = {Ancient Greek Authors},
  Author                   = {Briggs, Ward},
  Publisher                = {Gale Research},
  Year                     = {1997},

  Address                  = {Detroit},

  Owner                    = {deyts},
  Timestamp                = {2015.08.15}
}

@Book{Brilliant1984,
  Title                    = {Visual Narratives, Storytelling in Etruscan and Roman Art},
  Author                   = {Brilliant, Richard},
  Publisher                = {Cornell University Press},
  Year                     = {1984},

  Address                  = {London},

  Owner                    = {deyts},
  Timestamp                = {2015.08.16}
}

@Article{Briquel2001,
  Title                    = {Les deux origines de Lanuvium},
  Author                   = {Briquel, Dominique},
  Journal                  = {\'Etudes Ausonius, De Boccard, Paris},
  Year                     = {2001},
  Volume                   = {7, Origines Gentium, Textes réunis par Valérie Fromentin et Sophie Gotteland},
  Pages                    = {297--308},

  Owner                    = {deyts},
  Timestamp                = {2015.08.16}
}

@Article{Briquel1999,
  Title                    = {Remarques sur les traditions de \emph{Nostoi} en Italie: l'exemple de la légende d'Ulysse en \'Etrurie},
  Author                   = {Briquel, Dominique},
  Journal                  = {Acta Classica Universitatis Scientiarum Debreceniensis, Debrecini},
  Year                     = {1999},
  Volume                   = {34-35},
  Pages                    = {235--252},

  Owner                    = {deyts},
  Timestamp                = {2015.08.16}
}

@Article{Briquel1987,
  Title                    = {Spina condita a Diomede},
  Author                   = {Briquel, Dominique},
  Journal                  = {La parola del passato, Napoli},
  Year                     = {1987},
  Volume                   = {47},
  Pages                    = {241--261},

  Owner                    = {deyts},
  Timestamp                = {2015.08.16}
}

@Book{Brizio1876,
  Title                    = {Pitture e sepolcri scoperti sull'Esquilino nell'anno 1875},
  Author                   = {Brizio, Edoardo},
  Publisher                = {Tipografia Elzeviriana},
  Year                     = {1876},

  Address                  = {Rome},

  Owner                    = {deyts},
  Timestamp                = {2015.09.01}
}

@Book{Buffiere1956,
  Title                    = {Les mythes d'Homère et la pensée grecque},
  Author                   = {Buffière, Félix},
  Publisher                = {Les Belles Lettres},
  Year                     = {1956},

  Address                  = {Paris},

  Owner                    = {deyts},
  Timestamp                = {2015.09.01}
}

@Article{Cameron2009,
  Title                    = {Young Achilles in the Roman World},
  Author                   = {Cameron, Alan},
  Journal                  = {JRS, Londres},
  Year                     = {2009},
  Volume                   = {99},
  Pages                    = {1--22},

  Owner                    = {deyts},
  Timestamp                = {2015.08.17}
}

@Book{Cameron2004,
  Title                    = {Greek mythography in the Roman World},
  Author                   = {Cameron, Alan},
  Publisher                = {Oxford University Press},
  Year                     = {2004},

  Address                  = {Oxford},

  Owner                    = {deyts},
  Timestamp                = {2015.09.01}
}

@InProceedings{Capdeville1993,
  Title                    = {Jeux athlétiques et rituels de fondation},
  Author                   = {Capdeville, Gérard},
  Booktitle                = {Spectacles sportifs et scéniques dans le monde étrusco-italique, Actes de la table ronde de Rome (3-4 mai 1991)},
  Year                     = {1993},
  Pages                    = {141--187},

  Address                  = {Rome},
  Organization             = {EFR},

  Owner                    = {deyts},
  Timestamp                = {2015.09.01}
}

@Article{Cappelli1993,
  Title                    = {La leggenda di Enea nel raconto figurato degli Aemilii},
  Author                   = {Cappelli, Rosanna},
  Journal                  = {Ostraka},
  Year                     = {1993},
  Volume                   = {2},
  Pages                    = {51--58},

  Owner                    = {deyts},
  Timestamp                = {2015.09.01}
}

@Article{Cappelli1990,
  Title                    = {Augusto e il culto di Vesta sul Palatino},
  Author                   = {Cappelli, Rosanna},
  Journal                  = {Bolletino di Archeologia, Rome},
  Year                     = {1990},
  Volume                   = {1-2},
  Pages                    = {29--33},

  Owner                    = {deyts},
  Timestamp                = {2015.09.07}
}

@Article{Carcopino1927,
  Title                    = {La Basilique Pythagoricienne de la Porte Majeure},
  Author                   = {Carcopino, Jérôme},
  Journal                  = {\'Etudes Romaines, Paris},
  Year                     = {1927},
  Volume                   = {151},

  Owner                    = {deyts},
  Timestamp                = {2015.09.01}
}

@Article{Carettoni1961,
  Title                    = {Il fregio figurato della basilica Aemilia},
  Author                   = {Carettoni, Gianfilippo},
  Journal                  = {Rivista dell'Istituto nazionale di Archeologia},
  Year                     = {1961},
  Volume                   = {19},
  Pages                    = {801--815},

  Owner                    = {deyts},
  Timestamp                = {2015.09.01}
}

@Article{Castriota1995,
  Title                    = {The Ara Pacis Augustae ad the imagery of abundance in Later Greek and Early Roman Imperial Art},
  Author                   = {Castriota, David},
  Journal                  = {Phoenix, Princeton},
  Year                     = {1995},

  Owner                    = {deyts},
  Timestamp                = {2015.09.07}
}

@InProceedings{Cipolloni1986,
  Title                    = {Le tombe di Toppo Daguzzo (Basilicata Nord-Orientale), considerazioni sulle comunità della media età del bronzo nel sud-est italiano},
  Author                   = {Cipolloni Sampo, Mirella},
  Booktitle                = {Traffici Micenei nel Mediterraneo - Problemi Storici e documentazione archeologica - Atti del convegno di Palermo, a cura di M. Marazzi, S. Tusa, L. Vagnetti},
  Year                     = {1986},
  Pages                    = {27--40},
  Address                  = {Tarente},

  Owner                    = {deyts},
  Timestamp                = {2015.08.15}
}

@InProceedings{CisottoNalon1990,
  Title                    = {L'iconografia di Antenore nella documentazione archeologica},
  Author                   = {Cisotto Nalon, Mirella},
  Booktitle                = {Padova per Antenore: atti della giornata di studio tenutasi il 14 dicembre 1989 presso il Museo civico archeologico agli Eremitani e altri interventi - Studi Padovani, 5},
  Year                     = {1990},
  Pages                    = {197--214},

  Owner                    = {deyts},
  Timestamp                = {2015.08.16}
}

@Article{Coarelli1997-2,
  Title                    = {Le théâtre de Pompée},
  Author                   = {Coarelli, Filippo},
  Journal                  = {Dialogues d'Histoire Ancienne},
  Year                     = {1997},
  Volume                   = {23, n°2},
  Pages                    = {105--124},

  Owner                    = {deyts},
  Timestamp                = {2015.09.01}
}

@InProceedings{Coarelli1996,
  Title                    = {Il complesso Pompeiano del Campo Marzio e la sua decorazione scultorea},
  Author                   = {Coarelli, Filippo},
  Booktitle                = {Rendiconti della Pontificia Accademia di Archeologia vol. 44, 1970-71 = Revixit ars: arte e ideologia a Roma, dai modelli ellenistici alla tradizione repubblicana},
  Year                     = {1996},
  Pages                    = {99--122},

  Address                  = {Rome},

  Owner                    = {deyts},
  Timestamp                = {2015.09.01}
}

@Article{Coarelli1983,
  Title                    = {Le pitture della tomba François a Vulci: Una proposta di lettura},
  Author                   = {Coarelli, Filippo},
  Journal                  = {Dialoghi di Archeologia},
  Year                     = {1983},
  Volume                   = {3},
  Pages                    = {43--69},

  Owner                    = {deyts},
  Timestamp                = {2015.08.16}
}

@Book{Eneanellazio,
  Title                    = {Enea nel Lazio, Archeologia e mito: bimillenario Virgiliano: [mostra] Roma 22 settembre - 31 dicembre 1981, Campidoglio, Palazzo dei Conservatori.},
  Author                   = {Collectif},
  Publisher                = {Fratelli Palombi},
  Year                     = {1981},

  Address                  = {Rome},

  Owner                    = {deyts},
  Timestamp                = {2015.08.16}
}

@Book{CroissantMullerProst2002,
  Title                    = {Identités et cultures dans le monde méditerranéen antique},
  Author                   = {Croissant, F. and Müller, C. and Prost, F.},
  Publisher                = {Publications de la Sorbonne},
  Year                     = {2002},

  Address                  = {Paris},

  Owner                    = {deyts},
  Timestamp                = {2015.08.16}
}

@Article{Crowther1987,
  Title                    = {Varro Atacinus: Traditional or Neoteric Poet?},
  Author                   = {Crowther, Nigel B.},
  Journal                  = {L'antiquité classique},
  Year                     = {1987},
  Volume                   = {56},
  Pages                    = {262--268},

  Owner                    = {deyts},
  Timestamp                = {2015.08.15}
}

@Book{Cumont1942,
  Title                    = {Recherches sur le symbolisme funéraire des Romains},
  Author                   = {Cumont, Franz},
  Publisher                = {P. Geuthner},
  Year                     = {1942},

  Address                  = {Paris},

  Owner                    = {deyts},
  Timestamp                = {2015.09.25}
}

@Book{Dardenay2010,
  Title                    = {Les mythes fondateurs de Rome - Images et politique dans l'Occident romain},
  Author                   = {Dardenay, Alexandra},
  Publisher                = {Picard},
  Year                     = {2010},

  Address                  = {Paris},

  Owner                    = {deyts},
  Timestamp                = {2015.09.01}
}

@InProceedings{DeAloe2007,
  Title                    = {Il Laocoonte dei Musei Vaticani. Un secolo di esegesi},
  Author                   = {De Aloe, Ilaria},
  Booktitle                = {Il Laocoonte dei Musei Vaticani, 500 anni dalla scoperta, a cura di Giorgio Bejor. Quaderni di Acme 93},
  Year                     = {2007},
  Pages                    = {287--321},

  Address                  = {Milan},
  Organization             = {Università degli Studi di Milano, Facoltà di Lettere e Filosofia},
  Publisher                = {Cisalpino},

  Owner                    = {deyts},
  Timestamp                = {2015.09.18}
}

@Book{DeCarolis2000,
  Title                    = {Dei ed Eroi nella pittura pompeiana},
  Author                   = {De Carolis, Ernesto},
  Publisher                = {L'Erma di Bretschneider},
  Year                     = {2000},

  Address                  = {Rome},

  Owner                    = {deyts},
  Timestamp                = {2015.08.17}
}

@InProceedings{DeSanctis2007,
  Title                    = {Il canto di Elena: osservazioni sul rapporto di Teocrito con Omero e con Esiodo nell'Epitalamio},
  Author                   = {De Sanctis, Dino},
  Booktitle                = {La Cultura letteraria ellenistica - Persistenza, innovazione, trasmissione - a cura di Roberto Pretagostini, Emanuele Dettori, Seminari romani di cultura greca quaderni 10 - Atti del convegno COFIN 2003},
  Year                     = {2007},
  Pages                    = {33--48},
 
  Address                  = {Rome},
  Publisher                = {Quasar},

  Owner                    = {deyts},
  Timestamp                = {2015.08.16}
}

@InProceedings{DeVos1990,
  Title                    = {Nerone, Seneca, Fabullo e la Domus Transitoria al Palatino},
  Author                   = {De Vos, Mariette},
  Booktitle                = {Gli Orti Farnesiani sul Palatino, Roma Antica 2},
  Year                     = {1990},
  Pages                    = {167--186},

  Address                  = {Rome},
  Organization             = {EFR},

  Owner                    = {deyts},
  Timestamp                = {2015.09.25}
}

@Book{Decker-Thuillier2004,
  Title                    = {Le sport dans l'Antiquité. Egypte, Grèce, Rome},
  Author                   = {Decker, Wolfgang and Thuiller, Jean-Paul},
  Publisher                = {A. J. Picard},
  Year                     = {2004},

  Address                  = {Paris},

  Owner                    = {deyts},
  Timestamp                = {2015.09.01}
}

@InProceedings{DelCorno2004,
  Title                    = {Odisseo fra i satiri},
  Author                   = {Del Corno, Dario},
  Booktitle                = {Momenti della ricezione omerica: poesia arcaica e teatro: congresso a cura di Giuseppe Zanetto, Daniela Canavero, Andrea Capra, Alessandro Sgobbi},
  Year                     = {2004},
  Pages                    = {187--197},

  Address                  = {Milan},

  Owner                    = {deyts},
  Timestamp                = {2015.08.15}
}

@Book{DellaCorte1965,
  Title                    = {Case ed abitanti di Pompei},
  Author                   = {Della Corte, Matteo},
  Publisher                = {Fiorentino},
  Year                     = {1965},

  Address                  = {Napoli},

  Owner                    = {deyts},
  Timestamp                = {2015.09.14}
}

@InProceedings{Denti2007,
  Title                    = {Sculpteurs Grecs et commanditaires romains entre Délos, Rome et l'Italie. Aux origines politiques de l'hellénisme néoattique},
  Author                   = {Denti, Mario},
  Booktitle                = {Neronia VII. Rome, l'Italie et la Grèce. Hellénisme et philhellénisme au premier siècle après J.C., Y. Perrin (sous la direction de), Colloque international, Athènes octobre 2004, \og{}Latomus\fg{} 305},
  Year                     = {2007},
  Pages                    = {355--377},

  Owner                    = {deyts},
  Timestamp                = {2015.08.16}
}

@Book{DeRose1992,
  Title                    = {The art of persuasion: Political propaganda from Aeneas to Brutus},
  Author                   = {DeRose Evans, Jane},
  Publisher                = {University of Michigan Press},
  Year                     = {1992},

  Owner                    = {deyts},
  Timestamp                = {2015.09.01}
}

@Article{Detienne1962,
  Title                    = {Homère, Hésiode et Pythagore - Poésie et philosophie dans le pythagorisme ancien},
  Author                   = {Detienne, Marcel},
  Journal                  = {Latomus, Bruxelles},
  Year                     = {1962},
  Volume                   = {57},

  Owner                    = {deyts},
  Timestamp                = {2015.08.16}
}

@Article{Detienne1958,
  Title                    = {Ulysse sur le stuc central de la Basilique de la Porta Maggiore},
  Author                   = {Detienne, Marcel},
  Journal                  = {Latomus, Bruxelles},
  Year                     = {1958},
  Volume                   = {17},
  Pages                    = {270--286},

  Owner                    = {deyts},
  Timestamp                = {2015.09.01}
}

@Article{Detienne1957,
  Title                    = {La légende pythagoricienne d'Hélène},
  Author                   = {Detienne, Marcel},
  Journal                  = {Revue de l'histoire des religions, Armand Colin},
  Year                     = {1957},
  Volume                   = {152},
  Pages                    = {129--152},

  Owner                    = {deyts},
  Timestamp                = {2015.08.16}
}

@Article{Drury-Moyaers1981,
  Title                    = {Énée et Lavinium},
  Author                   = {Drury-Moyaers, Geneviève},
  Journal                  = {Latomus, Bruxelles},
  Year                     = {1981},
  Volume                   = {174},

  Owner                    = {deyts},
  Timestamp                = {2015.08.16}
}

@Book{Dumezil1973,
  Title                    = {Mythe et épopée, III. Histoires romaines},
  Author                   = {Dumézil, Georges},
  Publisher                = {Gallimard},
  Year                     = {1973},

  Address                  = {Paris},

  Owner                    = {deyts},
  Timestamp                = {2015.09.01}
}

@InProceedings{Dupont2009,
  Title                    = {The Corrupted Boy and the Crowned Poet - or, the material reality and the symbolic status of the literary book at Rome},
  Author                   = {Dupont, Florence},
  Booktitle                = {Ancient Literacies, the culture of reading in Greece and Rome, edited by William A. Johnson and Holt N. Parker},
  Year                     = {2009},
  Pages                    = {143--163},

  Address                  = {Oxford},

  Owner                    = {deyts},
  Timestamp                = {2015.08.16}
}

@InProceedings{Enenkel2005,
  Title                    = {Epic prophecy as imperial propaganda: Jupiter's first speech in Virgil's Aeneid},
  Author                   = {Enenkel, Karl A.E.},
  Booktitle                = {The manipulative mode: political propaganda in antiquity: a collection of case studies, Ed. by Karl A. E. Enenkel \& Ilja Leonard Pfeijffer},
  Year                     = {2005},
  Pages                    = {167--189},

  Address                  = {Leiden},
  Publisher                = {Brill},

  Owner                    = {deyts},
  Timestamp                = {2015.09.01}
}

@Book{Erskine2001,
  Title                    = {Troy between Greece and Rome: Local Tradition and Imperial Power},
  Author                   = {Andrew Erskine},
  Publisher                = {Oxford University Press},
  Year                     = {2001},

  Address                  = {Oxford},

  Owner                    = {deyts},
  Timestamp                = {2015.08.15}
}

@Article{Esposito2009,
  Title                    = {Filosseno, il Ciclope e Sesto Pompeo - Programmi figurativi e \og{}propaganda\fg{} politica nelle domus dell'aristocrazia pompeiana della tarda età repubblicana},
  Author                   = {Esposito, Domenico},
  Journal                  = {Jahrbuch des Deutschen Archäologischen Instituts},
  Year                     = {2009},
  Volume                   = {123},
  Pages                    = {51--100},
  Address                  = {Berlin},

  Owner                    = {deyts},
  Timestamp                = {2015.09.16}
}

@Book{Etienne1966,
  Title                    = {Pompéi},
  Author                   = {Etienne, Robert},
  Publisher                = {Hachette},
  Year                     = {1966},

  Address                  = {Paris},

  Owner                    = {deyts},
  Timestamp                = {2015.09.01}
}

@Book{Fabre-Serris1998,
  Title                    = {Mythologie et littérature à Rome, la réécriture des mythes aux I\textsuperscript{ers} s. avant et après J.-C.},
  Author                   = {Fabre-Serris, Jacqueline},
  Publisher                = {Payot},
  Year                     = {1998},

  Address                  = {Lausanne},

  Owner                    = {deyts},
  Timestamp                = {2015.08.16}
}

@Book{Faulkner2008,
  Title                    = {The Homeric hymn to Aphrodite: introduction, text, and commentary},
  Author                   = {Andrew Faulkner},
  Publisher                = {Oxford University Press},
  Year                     = {2008},

  Address                  = {Oxford},

  Owner                    = {deyts},
  Timestamp                = {2015.08.15}
}

@InProceedings{Finkelberg2003,
  Title                    = {Homer as a foundation text},
  Author                   = {Finkelberg, Margalit},
  Booktitle                = {Homer, the Bible, and Beyond - Literary and religious canons in the ancient world, dir. Margalit Finkelberg \& Guy G. Stroumsa},
  Year                     = {2003},
  Pages                    = {75--96},

  Address                  = {Leiden},
  Publisher                = {E. J. Brill},

  Owner                    = {deyts},
  Timestamp                = {2015.08.15}
}

@InProceedings{Frezouls1996,
  Title                    = {Le théâtre à Rome et sa diffusion en occident},
  Author                   = {Frezouls, Edmond},
  Booktitle                = {Les loisirs et l'héritage de la culture classique - éd. J M André, J Dangel et P Demont - Latomus 230 - Bruxelles},
  Year                     = {1996},
  Pages                    = {300--309},

  Owner                    = {deyts},
  Timestamp                = {2015.09.01}
}

@Article{Fuchs1959,
  Title                    = {Die Vorbilder der neuattische Reliefs},
  Author                   = {Fuchs, Werner},
  Journal                  = {Jahrbuch Des Deutschen Archäologischen Instituts},
  Year                     = {1959},
  Address                  = {Berlin},
  Owner                    = {deyts},
  Timestamp                = {2015.08.16}
}

@InProceedings{Gage1981,
  Title                    = {Apollon impérial - garant des \textit{Fata Romana}, pp. 561-630},
  Author                   = {Gagé, Jean},
  Booktitle                = {Aufstieg und Niedergang der römischen Welt},
  Year                     = {1981},

  Address                  = {Berlin, New-York},

  Owner                    = {deyts},
  Timestamp                = {2015.08.16}
}

@Article{Gage1972,
  Title                    = {Les traditions \og{}diomédiques\fg{} dans l'Italie ancienne, de l'Apulie à l'Étrurie méridionale, et quelques-unes des origines de la légende de Mézence},
  Author                   = {Gagé, Jean},
  Journal                  = {MEFRA},
  Year                     = {1972},
  Volume                   = {84},
  Pages                    = {735--788},

  Owner                    = {deyts},
  Timestamp                = {2015.08.16}
}

@Book{Gage1955,
  Title                    = {Apollon romain},
  Author                   = {Gagé, Jean},
  Publisher                = {E. de Boccard},
  Year                     = {1955},

  Address                  = {Paris},

  Owner                    = {deyts},
  Timestamp                = {2015.09.07}
}

@Article{Gage1936,
  Title                    = {Actiaca},
  Author                   = {Gagé, Jean},
  Journal                  = {Mélanges d'Archéologie et d'histoire de l'\'Ecole Française de Rome},
  Year                     = {1936},
  Volume                   = {53},
  Pages                    = {37--100},

  Owner                    = {deyts},
  Timestamp                = {2015.09.07}
}

@Article{Gage1930,
  Title                    = {Romulus Augustus},
  Author                   = {Gagé, Jean},
  Journal                  = {Mélanges d'Archéologie et d'Histoire de l'École Française de Rome},
  Year                     = {1930},
  Volume                   = {47},
  Pages                    = {138--181},

  Owner                    = {deyts},
  Timestamp                = {2015.09.01}
}

@Book{Galinsky1996,
  Title                    = {Augustan culture - An interpretive introduction},
  Author                   = {Galinsky},
  Publisher                = {Princeton University Press},
  Year                     = {1996},

  Address                  = {Princeton},

  Owner                    = {deyts},
  Timestamp                = {2015.09.01}
}

@Book{Galinsky1969,
  Title                    = {Aeneas, Sicily and Rome},
  Author                   = {Galinsky, G. Karl},
  Publisher                = {Princeton University Press},
  Year                     = {1969},

  Address                  = {Princeton},

  Owner                    = {deyts},
  Timestamp                = {2015.08.16}
}

@Book{Garelli2007,
  Title                    = {Danser le mythe: la pantomime et sa réception dans la culture antique},
  Author                   = {Garelli, Marie-Hélène},
  Publisher                = {Peeters},
  Year                     = {2007},

  Address                  = {Louvain},

  Owner                    = {deyts},
  Timestamp                = {2015.09.01}
}

@Article{Ghali-Kahil1955,
  Title                    = {Les enlèvements et le retour d'Hélène dans les textes et les documents figurés},
  Author                   = {Ghali-Kahil, Lilly B.},
  Journal                  = {École française d'Athènes. Travaux et mémoires des anciens membres étrangers de l'École et de divers savants, E. de Boccard, Paris},
  Year                     = {1955},
  Volume                   = {10},

  Owner                    = {deyts},
  Timestamp                = {2015.08.15}
}

@InProceedings{Giangiulio1991,
  Title                    = {Filottete tra Sibari e Crotone. Osservazioni sulla tradizione letteraria},
  Author                   = {Giangiulio, Maurizio},
  Booktitle                = {\'Epéios et Philoctète en Italie - Cahiers du centre Jean Bérard - (Colloque Lille II 1987) présenté par J. de la Genière},
  Year                     = {1991},
  Pages                    = {37--53},

  Address                  = {Naples},

  Owner                    = {deyts},
  Timestamp                = {2015.08.16}
}

@InProceedings{Girod1978,
  Title                    = {Virgile et l'histoire dans l'\emph{Énéide}},
  Author                   = {Girod, Roger},
  Booktitle                = {Présence de Virgile: actes du colloque des 9, 11 et 12 décembre 1976: Paris E.N.S., Tours / édité par R. Chevallier, Caesarodunum, XIII bis},
  Year                     = {1978},
  Pages                    = {17--33},

  Address                  = {Paris},
  Publisher                = {Les Belles Lettres},

  Owner                    = {deyts},
  Timestamp                = {2015.09.05}
}

@Book{Giuliano1998,
  Title                    = {Storia dell'arte greca},
  Author                   = {Giuliano, Antonio},
  Publisher                = {Carocci},
  Year                     = {1998},

  Address                  = {Rome},

  Owner                    = {deyts},
  Timestamp                = {2015.09.18}
}

@Article{Grane2012,
  Title                    = {Pliny and the Wandering Mountain: A new interpretation of Pliny's account of the northern Barbaricum with an archaeological comment},
  Author                   = {Grane, Thomas},
  Journal                  = {Analecta Romana Instituti Danici, Copenhagen},
  Year                     = {2012},
  Volume                   = {37},
  Pages                    = {7--28},

  Owner                    = {deyts},
  Timestamp                = {2015.09.01}
}

@Book{Gras1985,
  Title                    = {Trafics Tyrrhéniens archaïques},
  Author                   = {Gras, Michel},
  Publisher                = {EFR},
  Year                     = {1985},

  Address                  = {Rome},

  Owner                    = {deyts},
  Timestamp                = {2015.08.15}
}

@InProceedings{Graziosi2004,
  Title                    = {La definizione dell'opera omerica nel periodo arcaico e classico},
  Author                   = {Barbara Graziosi},
  Booktitle                = {Momenti della ricezione omerica: poesia arcaica e teatro: congresso a cura di Giuseppe Zanetto, Daniela Canavero, Andrea Capra, Alessandro Sgobbi},
  Year                     = {2004},
  Pages                    = {2--17},

  Address                  = {Milan},

  Owner                    = {deyts},
  Timestamp                = {2015.08.15}
}

@InProceedings{Griffin2007,
  Title                    = {Nero and the concept of imperial glory},
  Author                   = {Griffin, Miriam},
  Booktitle                = {Neronia VII - Rome, l'Italie et la Grèce - Hellénisme et philhellénisme au premier siècle après J.-C. - Actes du VII\textsuperscript{e} colloque international de la SIEN édités par Yves Perrin - Latomus},
  Year                     = {2007},
  Pages                    = {129--152},

  Address                  = {Bruxelles},

  Owner                    = {deyts},
  Timestamp                = {2015.09.13}
}

@InProceedings{Gros2009,
  Title                    = {Les limites d'un compromis historique: de la \textit{domus} vitruvienne à la maison augustéenne du Palatin},
  Author                   = {Gros, Pierre},
  Booktitle                = {Le Principat d'Auguste - Réalités et représentations du pouvoir autour de la Res Publica Restituta, sous la direction de Frédéric Hurlet et Bernard Mineo},
  Year                     = {2009},
  Pages                    = {169--186},

  Address                  = {Rennes},

  Owner                    = {deyts},
  Timestamp                = {2015.09.07}
}

@Article{Gros1994,
  Title                    = {Le schéma vitruvien du théâtre latin et sa signification dans le système normatif du \emph{De Architectura}},
  Author                   = {Gros, Pierre},
  Journal                  = {Revue Archéologique},
  Year                     = {1994},
  Volume                   = {Nouv. série, 1},
  Pages                    = {57--80},

  Owner                    = {deyts},
  Timestamp                = {2015.09.01}
}

@Article{Gury1986,
  Title                    = {La Forge du Destin. A propos d'une série de peintures pompéiennes du IV\textsuperscript{e} style},
  Author                   = {Gury, Françoise},
  Journal                  = {MEFRA},
  Year                     = {1986},
  Volume                   = {98},
  Pages                    = {427--489},

  Owner                    = {deyts},
  Timestamp                = {2015.09.16}
}

@Article{Hannah1997,
  Title                    = {The temple of Mars Ultor and 12 may},
  Author                   = {Hannah, Robert},
  Journal                  = {Römische Mittelungen},
  Year                     = {1997},
  Volume                   = {104},
  Pages                    = {527--535},

  Owner                    = {deyts},
  Timestamp                = {2015.09.07}
}

@Book{Hardie-Barchiesi-Hinds1999,
  Title                    = {Ovidian transformations. Essays on Ovid's \emph{Metamorphoses} and its reception.},
  Author                   = {Hardie, Philip and Barchiesi, Alessandro and Hinds, Stephen},
  Publisher                = {Cambridge Philological Society},
  Year                     = {1999},

  Address                  = {Cambridge},

  Owner                    = {deyts},
  Timestamp                = {2015.09.01}
}

@Book{Harris1989,
  Title                    = {Ancient Literacy},
  Author                   = {Harris, William V.},
  Publisher                = {Harvard University Press},
  Year                     = {1989},

  Address                  = {Cambridge (Massachussetts)},

  Owner                    = {deyts},
  Timestamp                = {2015.08.16}
}

@Book{Herbert-Brown1994,
  Title                    = {Ovid and the Fasti: An Historical Study},
  Author                   = {Herbert-Brown, Geraldine},
  Publisher                = {Clarendon Press},
  Year                     = {1994},

  Address                  = {Oxford},

  Owner                    = {deyts},
  Timestamp                = {2015.09.05}
}

@InProceedings{Houston2009,
  Title                    = {Papyrological evidence for book collections and libraries in the Roman Empire},
  Author                   = {Houston, George W.},
  Booktitle                = {Ancient Literacies: the Culture of Reading in Greece and Rome, ed. William A. Johnson and Holt N. Parker.},
  Year                     = {2009},
  Pages                    = {233--267},

  Address                  = {Oxford},
  Publisher                = {Oxford University Press},

  Owner                    = {deyts},
  Timestamp                = {2015.08.16}
}

@Article{Hubaux1932,
  Title                    = {La fatale basilique de la Porta Maggiore},
  Author                   = {Hubaux, Jean},
  Journal                  = {L'Antiquité classique, Liège},
  Year                     = {1932},
  Volume                   = {1},
  Pages                    = {375--394},

  Owner                    = {deyts},
  Timestamp                = {2015.09.01}
}

@InProceedings{Hugues1999,
  Title                    = {Hero cult, heroic honors, heroic dead: some developments in the Hellenistic and Roman period},
  Author                   = {Hugues, Dennis D.},
  Booktitle                = {Ancient Greek Hero Cult - Proceedings of the Fifth International Seminar on Ancient Greek cult, organized by the Department of Classical Archaeology and Ancient History, Göteborg University, 21-23 April 1995},
  Year                     = {1999},
  Pages                    = {167--175},

  Address                  = {Stockholm},
  Publisher                = {Robin Hägg, Skrifte},

  Owner                    = {deyts},
  Timestamp                = {2015.08.15}
}

@Book{Jal1963,
  Title                    = {La guerre civile à Rome, étude littéraire et morale},
  Author                   = {Jal, Paul},
  Publisher                = {PUF},
  Year                     = {1963},

  Address                  = {Paris},

  Owner                    = {deyts},
  Timestamp                = {2015.09.01}
}

@InProceedings{Jolivet2000,
  Title                    = {La céramique attique du IV\textsuperscript{e} siècle en Étrurie},
  Author                   = {Jolivet, Vincent},
  Booktitle                = {La céramique attique du IV\textsuperscript{e} siècle en Méditerranée occidentale: actes du colloque international organisé par le Centre Camille Jullian, Arles, 7-9 décembre 1995 / textes réunis sous la dir. de Brigitte Sabattini},
  Year                     = {2000},
  Pages                    = {105--120},

  Address                  = {Naples},
  Publisher                = {Centre Jean Bérard},

  Owner                    = {deyts},
  Timestamp                = {2015.08.16}
}

@InProceedings{Joly1978,
  Title                    = {Présence des Bucoliques à Pompéi},
  Author                   = {Joly, Denise},
  Booktitle                = {Présence de Virgile: actes du colloque des 9, 11 et 12 décembre 1976: Paris E.N.S., Tours / édité par R. Chevallier, Caesarodunum, XIII bis},
  Year                     = {1978},
  Pages                    = {93--104},

  Address                  = {Paris},
  Publisher                = {Les Belles Lettres},

  Owner                    = {deyts},
  Timestamp                = {2015.09.01}
}

@Book{Jouan1966,
  Title                    = {Euripide et les légendes des \emph{Chants Cypriens}},
  Author                   = {François Jouan},
  Publisher                = {Les Belles Lettres},
  Year                     = {1966},

  Address                  = {Paris},

  Owner                    = {deyts},
  Timestamp                = {2015.08.15}
}

@Article{Kampen1991,
  Title                    = {Reliefs of the Basilica Aemilia: A Redating},
  Author                   = {Kampen, Natalie},
  Journal                  = {Klio},
  Year                     = {1991},
  Volume                   = {73},
  Pages                    = {448--458},

  Owner                    = {deyts},
  Timestamp                = {2015.09.01}
}

@Book{Kebric1983,
  Title                    = {The paintings in the Cnidian Lesche at Delphi and their historical context},
  Author                   = {Kebric, Robert B.},
  Publisher                = {Mnemosyne},
  Year                     = {1983},

  Address                  = {Leiden},

  Owner                    = {deyts},
  Timestamp                = {2015.08.15}
}

@InProceedings{Kellum1985,
  Title                    = {Sculptural Programs and Propaganda in Augustan Rome: the Temple of Apollo on the Palatine},
  Author                   = {Kellum, Barbara},
  Booktitle                = {The Age of Augustus, ed. Rolf Winkes},
  Year                     = {1985},
  Pages                    = {175--212},

  Address                  = {Louvain},

  Owner                    = {deyts},
  Timestamp                = {2015.09.06}
}

@Article{Kunze1996,
  Title                    = {Zur Datierung des Laokoon und der Skyllagruppe aus Sperlonga},
  Author                   = {Kunze, Christian},
  Journal                  = {Jahrbuch des Deutschen Archäologischen Instituts},
  Year                     = {1996},
  Volume                   = {111},
  Pages                    = {139--223},

  Owner                    = {deyts},
  Timestamp                = {2015.09.18}
}

@InProceedings{LaRocca1998,
  Title                    = {Artisti rodii negli horti romani},
  Author                   = {La Rocca, Eugenio},
  Booktitle                = {Horti Romani, a cura di M. Cima et E. La Rocca (atto Roma 1995)},
  Year                     = {1998},
  Pages                    = {203--274},

  Address                  = {Rome},

  Owner                    = {deyts},
  Timestamp                = {2015.09.18}
}

@InProceedings{LaRocca1996,
  Title                    = {La discesa di Ulisse negli inferi in una interpretazione di età giulio-claudia},
  Author                   = {La Rocca, Eugenio},
  Booktitle                = {Ulisse, il mito e la memoria, a cura di Bernard Andreae e di Claudio Parisi Presicce, Rome},
  Year                     = {1996},
  Pages                    = {72--95},

  Owner                    = {deyts},
  Timestamp                = {2015.08.17}
}

@Book{Lange2009,
  Title                    = {Res Publica Constituta: Actium, Apollo and the accomplishment of the triumviral assignment},
  Author                   = {Lange, Carsten Hjort},
  Publisher                = {Brill},
  Year                     = {2009},

  Address                  = {Boston},

  Owner                    = {deyts},
  Timestamp                = {2015.09.07}
}

@Book{Lavagne1988,
  Title                    = {Operosa Antra. Recherches sur la Grotte à Rome de Scylla à Hadrien},
  Author                   = {Lavagne, Henri},
  Publisher                = {EFR},
  Year                     = {1988},

  Address                  = {Rome},

  Owner                    = {deyts},
  Timestamp                = {2015.08.17}
}

@Article{Lavagne1970,
  Title                    = {Le Nymphée au Polyphème de la Domus Aurea},
  Author                   = {Lavagne, Henri},
  Journal                  = {Mélanges d'Archéologie et d'Histoire publiés par l'Ecole Française de Rome},
  Year                     = {1970},
  Volume                   = {82},
  Pages                    = {673--721},

  Owner                    = {deyts},
  Timestamp                = {2015.09.26}
}

@Book{Leach2004,
  Title                    = {The Social Life of Painting in Ancient Rome and in the Bay of Naples},
  Author                   = {Leach, Eleanor Winsor},
  Publisher                = {Cambridge University Press},
  Year                     = {2004},

  Address                  = {Cambridge},

  Owner                    = {deyts},
  Timestamp                = {2015.08.17}
}

@Article{Leach1994,
  Title                    = {Horace \emph{Carmen} 1.8: Achilles, The Campus Martius, and the articulation of gender roles in Augustan Rome},
  Author                   = {Leach, Eleanor Winsor},
  Journal                  = {Classical Philology, Chicago},
  Year                     = {1994},
  Volume                   = {89},
  Pages                    = {333--343},

  Owner                    = {deyts},
  Timestamp                = {2015.09.01}
}

@Article{Leveque1959,
  Title                    = {Aurea Catena Homeri. Une étude sur l'allégorie grecque},
  Author                   = {Lévêque, Pierre},
  Journal                  = {Annales Littéraires de l'Université de Besançon, Les Belles Lettres, Paris},
  Year                     = {1959},

  Owner                    = {deyts},
  Timestamp                = {2015.09.01}
}

@Book{Ling1991,
  Title                    = {Roman Painting},
  Author                   = {Ling, Roger},
  Publisher                = {Cambridge University Press},
  Year                     = {1991},

  Owner                    = {deyts},
  Timestamp                = {2015.08.16}
}

@Book{LippolisGarrafoNafissi1995,
  Title                    = {Taranto 1. Culti greci in occidente},
  Author                   = {Lippolis, E. and Garrafo, S. and Nafissi, M.},
  Publisher                = {ISAMG - Istituto per la Storia e l'Archeologia della Magna Grecia (Taranto)},
  Year                     = {1995},

  Address                  = {Tarente},

  Owner                    = {deyts},
  Timestamp                = {2015.08.16}
}

@InProceedings{Lissarague2007,
  Title                    = {Ajax, corps et armes},
  Author                   = {Lissarague, François},
  Booktitle                = {Iconografia 2006: gli eroi di Omero: atti del convegno internazionale (Taormina, Giuseppe Sinopoli Festival, 20-22 ottobre 2006) / a cura di Isabella Colpo, Irene Favaretto, Francesca Ghedini},
  Year                     = {2007},
  Pages                    = {21--32},

  Address                  = {Roma},

  Owner                    = {deyts},
  Timestamp                = {2015.08.15}
}

@Book{Lowenstam2008,
  Title                    = {As witnessed by images - The Trojan war tradition in greek and etruscan art},
  Author                   = {Steven Lowenstam},
  Publisher                = {The John Hopkins University Press},
  Year                     = {2008},

  Address                  = {Baltimore},

  Owner                    = {deyts},
  Timestamp                = {2015.08.15}
}

@Book{LucianiSperduti1993,
  Title                    = {Domus Aurea Neronis Roma},
  Author                   = {Luciani, Roberto and Sperduti, Leandro},
  Publisher                = {Istituto poligrafico e Zecca dello Stato: Libreria dello Stato},
  Year                     = {1993},

  Address                  = {Rome},

  Owner                    = {deyts},
  Timestamp                = {2015.09.25}
}

@Book{Maiuri1961,
  Title                    = {Pompei},
  Author                   = {Maiuri, Amedeo},
  Publisher                = {Istituto poligrafico e zecca dello stato, Libreria dello stato},
  Year                     = {1961},

  Address                  = {Rome},

  Owner                    = {deyts},
  Timestamp                = {2015.09.01}
}

@InProceedings{Mannino2005,
  Title                    = {I contesti della ceramica protoitaliota in Messapia},
  Author                   = {Mannino, Katia},
  Booktitle                = {La céramique Apulienne - bilan et perspectives - ed. par Martine Denoyelle, Enzo Lippolis, Marina Mazzei, Claude Pouzadoux - Table Ronde EFR},
  Year                     = {2005},
  Pages                    = {27--38},

  Address                  = {Naples},
  Organization             = {Centre Jean Bérard},

  Owner                    = {deyts},
  Timestamp                = {2015.08.16}
}

@Book{Marrou1948,
  Title                    = {Histoire de l'\'Education dans l'Antiquité},
  Author                   = {Marrou, Henri-Irénée},
  Publisher                = {Seuil},
  Year                     = {1948},

  Address                  = {Paris},

  Owner                    = {deyts},
  Timestamp                = {2015.09.01}
}

@Book{Massa-Pairault1992,
  Title                    = {Iconologia e politica nell'Italia antica: Roma, Lazio, Etruria, dal VII al I secolo a.C.},
  Author                   = {Massa-Pairault, Françoise-Hélène},
  Publisher                = {Longanesi},
  Year                     = {1992},

  Address                  = {Milan},

  Owner                    = {deyts},
  Timestamp                = {2015.08.16}
}

@InProceedings{Mauduit1997,
  Title                    = {De Lemnos à l'Italie, remarques sur le mythe de Philoctète},
  Author                   = {Mauduit, Christine},
  Booktitle                = {Héros et voyageurs grecs dans l'Occident romain, éd. par Alain Billault, Lyon 1997},
  Year                     = {1997},
  Pages                    = {9--32},

  Address                  = {Paris},
  Organization             = {Centre d'Etudes et de recherches sur l'Occident romain, Université Jean Moulin, Lyon III},
  Publisher                = {De Boccard},

  Owner                    = {deyts},
  Timestamp                = {2015.08.16}
}

@InProceedings{Mazarakis1999,
  Title                    = {Reflections on hero cults in early Iron Age Greece},
  Author                   = {Mazarakis Ainian, Alexander},
  Booktitle                = {Ancient Greek hero cult - Proceedings of the Fifth International Seminar on Ancient Greek cult, organized by the Department of Classical Archaeology and Ancient History, Göteborg University, 21-23 April 1995},
  Year                     = {1999},
  Pages                    = {9--35},

  Address                  = {Stockholm},
  Publisher                = {Robin Hägg},

  Owner                    = {deyts},
  Timestamp                = {2015.08.15}
}

@InProceedings{Meneghini2010,
  Title                    = {Le biblioteche pubbliche di Roma nell'alto impero},
  Author                   = {Meneghini, Roberto},
  Booktitle                = {Neronia VIII: Bibliothèques, livres et culture écrite dans l'empire romain de César à Hadrien. Actes du VIII\textsuperscript{e} Colloque international de la SIEN, Paris, 2-4 octobre 2008 ; édités par Yves Perrin - Latomus},
  Year                     = {2010},
  Pages                    = {32--40},

  Address                  = {Bruxelles},

  Owner                    = {deyts},
  Timestamp                = {2015.08.16}
}

@Book{Miller2009,
  Title                    = {Apollo, Augustus and the poets},
  Author                   = {Miller, John F.},
  Publisher                = {Cambridge University Press},
  Year                     = {2009},

  Address                  = {Cambridge},

  Owner                    = {deyts},
  Timestamp                = {2015.09.06}
}

@InProceedings{Milnor2009,
  Title                    = {Literary literacy in Roman Pompeii},
  Author                   = {Milnor, Kristina},
  Booktitle                = {Ancient Literacies, the culture of reading in Greece and Rome, edited by William A. Johnson and Holt N. Parker},
  Year                     = {2009},
  Pages                    = {288--319},

  Address                  = {Oxford},
  Publisher                = {Oxford University Press},

  Owner                    = {deyts},
  Timestamp                = {2015.09.01}
}

@Book{Moret1975,
  Title                    = {L'Ilioupersis dans la céramique italiote - Les mythes et leur expression figurée au IV\textsuperscript{e} siècle},
  Author                   = {Moret, Jean-Marc},
  Publisher                = {Université de Genève},
  Year                     = {1975},

  Address                  = {Rome},

  Owner                    = {deyts},
  Timestamp                = {2015.08.16}
}

@Article{Mountford2011,
  Title                    = {Aeneas: An Etruscan foundation legend},
  Author                   = {Mountford, P.},
  Journal                  = {ASCS, Auckland},
  Year                     = {2011},
  Volume                   = {32},
  Pages                    = {1--9},

  Owner                    = {deyts},
  Timestamp                = {2015.08.16}
}

@InProceedings{Musti1991,
  Title                    = {Lo sviluppo del mito di Filottete, da Crotone a Sibari - Tradizioni achee e troiane in Magna Grecia},
  Author                   = {Musti, Domenico},
  Booktitle                = {\'Epéios et Philoctète en Italie - Cahiers du centre Jean Bérard - (Colloque Lille II 1987) présenté par J. de la Genière},
  Year                     = {1991},
  Pages                    = {21--35},

  Address                  = {Naples},

  Owner                    = {deyts},
  Timestamp                = {2015.08.16}
}

@Article{Nafissi1992,
  Title                    = {\og{}Atridi, Eacidi, Agamemnonidi, ed Achille...\fg{}},
  Author                   = {Nafissi, Massimo},
  Journal                  = {Athenaeum},
  Year                     = {1992},
  Volume                   = {80},
  Pages                    = {401--420},

  Owner                    = {deyts},
  Timestamp                = {2015.08.16}
}

@Article{Ndoye2007,
  Title                    = {Grandeur et décadence des \textit{anaktes} dans les poèmes homériques},
  Author                   = {Ndoye, Malick},
  Journal                  = {Troïka, parcours antiques, éd. Sylvie David et Evelyne Geny, Presses Universitaires de Franche Comté, Besançon},
  Year                     = {2007},
  Volume                   = {1},
  Pages                    = {73--84},

  Owner                    = {deyts},
  Timestamp                = {2015.09.01}
}

@InProceedings{Nenci1991,
  Title                    = {Filottete in Sicilia},
  Author                   = {Nenci, Giuseppe},
  Booktitle                = {\'Epéios et Philoctète en Italie - Cahiers du centre Jean Bérard - (Colloque Lille II 1987) présenté par J de la Genière},
  Year                     = {1991},
  Pages                    = {131--135},

  Address                  = {Naples},

  Owner                    = {deyts},
  Timestamp                = {2015.08.16}
}

@Book{Nicolet-Pierre2005,
  Title                    = {Numismatique grecque},
  Author                   = {Nicolet-Pierre, Hélène},
  Publisher                = {Armand Colin},
  Year                     = {2005},

  Address                  = {Paris},

  Owner                    = {deyts},
  Timestamp                = {2015.08.16}
}

@Article{Oliver1957,
  Title                    = {Symmachi, Homo Felix},
  Author                   = {Oliver, James Henry},
  Journal                  = {Memoirs of the American Academy in Rome},
  Year                     = {1957},
  Volume                   = {25},
  Pages                    = {7--15},

  Owner                    = {deyts},
  Timestamp                = {2015.09.01}
}

@InProceedings{Ornaghi2004,
  Title                    = {Omero sulla scena. Spunti per una ricostruzione degli Odissei e degli Archiloqui di Cratino},
  Author                   = {Ornaghi, Massimiliano},
  Booktitle                = {Momenti della ricezione omerica: poesia arcaica e teatro: congresso a cura di Giuseppe Zanetto, Daniela Canavero, Andrea Capra, Alessandro Sgobbi},
  Year                     = {2004},
  Pages                    = {197--228},

  Address                  = {Milan},

  Owner                    = {deyts},
  Timestamp                = {2015.08.15}
}

@Article{Paladini1958,
  Title                    = {A proposito della tradizione poetica sulla battaglia di Azio},
  Author                   = {Paladini, Maria Luisa},
  Journal                  = {Latomus, Bruxelles},
  Year                     = {1958},
  Volume                   = {35},
  Pages                    = {240--287},

  Owner                    = {deyts},
  Timestamp                = {2015.09.07}
}

@InProceedings{Parker2009,
  Title                    = {Books and Reading Latin Poetry},
  Author                   = {Parker, Holt N.},
  Booktitle                = {Ancient Literacies: the Culture of Reading in Greece and Rome, ed. William A. Johnson and Holt N. Parker.},
  Year                     = {2009},
  Pages                    = {186--226},

  Address                  = {Oxford},
  Publisher                = {Oxford University Press},

  Owner                    = {deyts},
  Timestamp                = {2015.08.16}
}

@Article{Pensabene1997,
  Title                    = {Elementi architettonici dalla Casa di Augusto sul Palatino},
  Author                   = {Pensabene, Patrizio},
  Journal                  = {Römische Mittelungen, Mainz},
  Year                     = {1997},
  Volume                   = {104},
  Pages                    = {149--197},

  Owner                    = {deyts},
  Timestamp                = {2015.09.05}
}

@InProceedings{Perret1976,
  Title                    = {Athènes et les légendes troyennes d'Occident},
  Author                   = {Perret, Jacques},
  Booktitle                = {L'Italie préromaine et la Rome républicaine. I. Mélanges offerts à Jacques Heurgon.},
  Year                     = {1976},
  Pages                    = {791--803},

  Address                  = {Rome},
  Publisher                = {Ecole Française de Rome},

  Owner                    = {deyts},
  Timestamp                = {2015.08.15}
}

@Book{Perret1942,
  Title                    = {Les Origines de la légende troyenne de Rome (281-31)},
  Author                   = {Perret, Jacques},
  Publisher                = {Les Belles Lettres},
  Year                     = {1942},

  Address                  = {Paris},
  Series                   = {Collection d'études anciennes publiée sous le patronage de l'Association Guillaume Budé},

  Owner                    = {deyts},
  Timestamp                = {2015.08.16}
}

@InProceedings{Perrin1987,
  Title                    = {La Domus Aurea et l'idéologie néronienne},
  Author                   = {Perrin, Yves},
  Booktitle                = {Le système palatial en Orient, en Grèce et à Rome: actes du colloque de Strasbourg, 19-22 juin 1985},
  Year                     = {1987},
  Pages                    = {358--381},

  Address                  = {E. Lévy, Leyden, Brill},
  Organization             = {Centre de Recherche sur le Proche Orient et la Grèce antiques},

  Owner                    = {deyts},
  Timestamp                = {2015.09.25}
}

@Book{Pesando1997,
  Title                    = {Domus: edilizia privata e società pompeiana fra III e I secolo a.C.},
  Author                   = {Pesando, Fabrizio},
  Publisher                = {L'Erma di Bretschneider},
  Year                     = {1997},

  Address                  = {Roma},

  Owner                    = {deyts},
  Timestamp                = {2015.08.16}
}

@Book{Pesando1994,
  Title                    = {Libri e Biblioteche},
  Author                   = {Pesando, Fabrizio},
  Publisher                = {Museo della civiltà romana},
  Year                     = {1994},

  Address                  = {Roma},

  Owner                    = {deyts},
  Timestamp                = {2015.08.16}
}

@Book{Pesando-Guidobaldi2006,
  Title                    = {Gli ozi di Ercole: residenze di lusso a Pompei ed Ercolano},
  Author                   = {Pesando, Fabrizio and Guidobaldi, Maria Paola},
  Publisher                = {L'Erma di Bretschneider},
  Year                     = {2006},

  Address                  = {Roma},

  Owner                    = {deyts},
  Timestamp                = {2015.08.16}
}

@InProceedings{PinnaCaboni2008,
  Title                    = {Il foro di Cesare: aspetti della decorazione architettonica},
  Author                   = {Pinna Caboni, Beatrice},
  Booktitle                = {Giulio Cesare, L'uomo, le imprese, il mito - catalogue d'exposition a cura di Giovanni Gentili},
  Year                     = {2008},
  Pages                    = {57--59},

  Address                  = {Milano},

  Owner                    = {deyts},
  Timestamp                = {2015.09.01}
}

@InProceedings{Pouzadoux2005,
  Title                    = {L'invention des images dans la seconde moitié du IV\textsuperscript{e} siècle: entre peintres et commanditaires},
  Author                   = {Pouzadoux, Claude},
  Booktitle                = {La céramique Apulienne - bilan et perspectives - éd. par Martine Denoyelle, Enzo Lippolis, Marina Mazzei, Claude Pouzadoux - Table Ronde EFR},
  Year                     = {2005},
  Pages                    = {187--199},

  Address                  = {Naples},
  Organization             = {Centre Jean Bérard},

  Owner                    = {deyts},
  Timestamp                = {2015.08.16}
}

@Book{Powell2008,
  Title                    = {Virgil the Partisan ? A study in the re-integration of classics},
  Author                   = {Powell, Anton},
  Publisher                = {The Classical Press of Wales},
  Year                     = {2008},

  Address                  = {Swansea},

  Owner                    = {deyts},
  Timestamp                = {2015.09.01}
}

@InProceedings{Powell2002,
  Title                    = {\og{}An Island amid the Flame\fg{}: The Strategy and Imagery of Sextus Pompeius, 43-36 BC},
  Author                   = {Powell, Anton},
  Booktitle                = {Sextus Pompeius , editors Anton Powell and Kathryn Welch},
  Year                     = {2002},
  Pages                    = {103--133},
  Publisher                = {Classical Press of Wales},

  Owner                    = {deyts},
  Timestamp                = {2015.09.01}
}

@Book{Provenzale2008,
  Title                    = {Echi di propaganda imperiale in scene di coppia a Pompei},
  Author                   = {Provenzale, Veronica},
  Publisher                = {Quasar},
  Year                     = {2008},

  Address                  = {Rome},

  Owner                    = {deyts},
  Timestamp                = {2015.09.01}
}

@Book{Rawson2003,
  Title                    = {Children and Childhood in Roman Italy},
  Author                   = {Rawson, Beryl},
  Publisher                = {Oxford University Press},
  Year                     = {2003},

  Address                  = {Oxford},

  Owner                    = {deyts},
  Timestamp                = {2015.09.01}
}

@Book{Reggiani1990,
  Title                    = {Educazione e scuola},
  Author                   = {Reggiani, Anna-Maria},
  Publisher                = {Quasar},
  Year                     = {1990},

  Address                  = {Roma},
  Series                   = {coll. Vita e Costumi dei Romani Antichi},

  Owner                    = {deyts},
  Timestamp                = {2015.08.17}
}

@Book{Rengakos1993,
  Title                    = {Der Homertext und die hellenistischen Dichter},
  Author                   = {Rengakos, Antonios},
  Publisher                = {F. Steiner Verlag},
  Year                     = {1993},

  Address                  = {Stuttgart},

  Owner                    = {deyts},
  Timestamp                = {2015.08.16}
}

@Book{Richardson2000,
  Title                    = {A Catalog of Identifiable Figure Painters of ancient Pompeii, Herculanum, and Stabiae},
  Author                   = {Richardson Jr., Lawrence},
  Publisher                = {Johns Hopkins University Press},
  Year                     = {2000},

  Address                  = {Baltimore},

  Owner                    = {deyts},
  Timestamp                = {2015.09.01}
}

@Book{Rizzo1933,
  Title                    = {La base di Augusto (Sorrento - Museo Correale di Terranova)},
  Author                   = {Rizzo, Giuseppe E.},
  Publisher                = {Museo Correale},
  Year                     = {1933},

  Address                  = {Naples},

  Owner                    = {deyts},
  Timestamp                = {2015.09.06}
}

@Book{Roddaz1984,
  Title                    = {Marcus Agrippa},
  Author                   = {Roddaz, Jean-Michel},
  Publisher                = {EFR},
  Year                     = {1984},

  Address                  = {Rome},

  Owner                    = {deyts},
  Timestamp                = {2015.08.17}
}

@Article{Roddaz1980,
  Title                    = {Un thème de la \og{}propagande\fg{} augustéenne: l'image populaire d'Agrippa},
  Author                   = {Roddaz, Jean-Michel},
  Journal                  = {Mélanges de l'Ecole française de Rome. Antiquité},
  Year                     = {1980},
  Volume                   = {92, n°2},
  Pages                    = {947--955},

  Owner                    = {deyts},
  Timestamp                = {2015.09.01}
}

@Book{Roussel1991,
  Title                    = {Biographie légendaire d'Achille},
  Author                   = {Monique Roussel},
  Publisher                = {A. M. Hakkert},
  Year                     = {1991},

  Address                  = {Amsterdam},

  Owner                    = {deyts},
  Timestamp                = {2015.08.15}
}

@InProceedings{Rouveret2007,
  Title                    = {Collections romaines de tableaux grecs},
  Author                   = {Rouveret, Agnès},
  Booktitle                = {Neronia VII - Rome, l'Italie et la Grèce - Hellénisme et philhellénisme au premier siècle après J.-C. - Actes du VII\textsuperscript{e} colloque international de la SIEN édités par Yves Perrin - Latomus},
  Year                     = {2007},
  Pages                    = {342--354},

  Address                  = {Bruxelles},

  Owner                    = {deyts},
  Timestamp                = {2015.09.01}
}

@Book{Rouveret1989,
  Title                    = {Histoire et imaginaire de la peinture ancienne, V\textsuperscript{e} s. av., I\textsuperscript{er} s. ap. J.-C.},
  Author                   = {Rouveret, Agnès},
  Publisher                = {EFR},
  Year                     = {1989},

  Address                  = {Rome},

  Owner                    = {deyts},
  Timestamp                = {2015.09.01}
}

@Book{Royo1999,
  Title                    = {Domus imperatoriae - Topographie, formation et imaginaire des palais impériaux du Palatin (II\textsuperscript{e} s. av J.-C. - I\textsuperscript{er} s. ap. J.-C.)},
  Author                   = {Royo, Manuel},
  Publisher                = {EFR},
  Year                     = {1999},

  Address                  = {Rome},

  Owner                    = {deyts},
  Timestamp                = {2015.09.05}
}

@Book{Sadurska1964,
  Title                    = {Les Tables Iliaques},
  Author                   = {Sadurska, Anna},
  Publisher                = {\'Editions Scientifiques de Pologne},
  Year                     = {1964},

  Address                  = {Varsovie},

  Owner                    = {deyts},
  Timestamp                = {2015.09.01}
}

@Book{Sauron2013,
  Title                    = {L'art romain, des conquêtes aux guerres civiles},
  Author                   = {Sauron, Gilles},
  Publisher                = {A. et J. Picard},
  Year                     = {2013},

  Address                  = {Paris},

  Owner                    = {deyts},
  Timestamp                = {2015.08.17}
}

@Book{Sauron2009,
  Title                    = {Les décors privés des Romains, II\textsuperscript{e} siècle av. J.-C. - III\textsuperscript{e} siècle après J.-C. Dans l'intimité des maîtres du monde.},
  Author                   = {Sauron, Gilles},
  Publisher                = {A. et J. Picard},
  Year                     = {2009},

  Address                  = {Paris},

  Owner                    = {deyts},
  Timestamp                = {2015.08.16}
}

@InProceedings{Sauron2009-2,
  Title                    = {Du triumvirat au début du principat: la construction du mythe augustéen},
  Author                   = {Sauron, Gilles},
  Booktitle                = {Le Principat d'Auguste - Réalités et représentations du pouvoir autour de la \emph{Res Publica Restituta}, sous la direction de Frédéric Hurlet et Bernard Mineo},
  Year                     = {2009},
  Pages                    = {187--208},

  Address                  = {Rennes},

  Owner                    = {deyts},
  Timestamp                = {2015.09.01}
}

@Book{Sauron2000,
  Title                    = {L'histoire végétalisée: ornement et politique à Rome},
  Author                   = {Sauron, Gilles},
  Publisher                = {Picard},
  Year                     = {2000},

  Address                  = {Paris},

  Owner                    = {deyts},
  Timestamp                = {2015.09.01}
}

@InProceedings{Sauron1999,
  Title                    = {Légende noire et mythe de l'âge d'or. Les pôles complémentaires de la mystification augustéenne},
  Author                   = {Sauron, Gilles},
  Booktitle                = {Le mythe grec dans l'Italie antique, 1996},
  Year                     = {1999},
  Pages                    = {593--625},

  Address                  = {Rome},
  Organization             = {EFR},

  Owner                    = {deyts},
  Timestamp                = {2015.09.01}
}

@Article{Sauron1997,
  Title                    = {Un conflit qui s'éternise: la guerre de Sperlonga},
  Author                   = {Sauron, Gilles},
  Journal                  = {Revue Archéologique, PUF, Paris},
  Year                     = {1997},
  Pages                    = {261--296},

  Owner                    = {deyts},
  Timestamp                = {2015.08.17}
}

@Book{Sauron1993,
  Title                    = {Quis deum? L'expression plastique des idéologies politiques et religieuses à Rome à la fin de la République et au début du Principat},
  Author                   = {Sauron, Gilles},
  Publisher                = {EFR},
  Year                     = {1993},

  Address                  = {Rome},

  Owner                    = {deyts},
  Timestamp                = {2015.08.17}
}

@Article{Sauron1991,
  Title                    = {De Buthrote à Sperlonga: à propos d'une étude récente sur le thème de la grotte dans les décors romains},
  Author                   = {Sauron, Gilles},
  Journal                  = {Revue Archéologique, PUF, Paris},
  Year                     = {1991},
  Pages                    = {3--42},

  Owner                    = {deyts},
  Timestamp                = {2015.08.17}
}

@InProceedings{Sauron1987,
  Title                    = {Le complexe pompéien du champ de Mars},
  Author                   = {Sauron, Gilles},
  Booktitle                = {L'Urbs, espace urbain et histoire},
  Year                     = {1987},
  Pages                    = {457--473},

  Address                  = {Rome},
  Organization             = {EFR},

  Owner                    = {deyts},
  Timestamp                = {2015.09.01}
}

@InProceedings{Sauron1981,
  Title                    = {Aspects du néo-atticisme à la fin du I\textsuperscript{er} s. av. J.-C.: formes et symboles},
  Author                   = {Sauron, Gilles},
  Booktitle                = {L'art décoratif à Rome - dirigé par G. Sauron et X. Lafon},
  Year                     = {1981},
  Pages                    = {285--319},

  Address                  = {Rome},
  Publisher                = {EFR},

  Owner                    = {deyts},
  Timestamp                = {2015.09.06}
}

@InProceedings{Scheid2009,
  Title                    = {Les restaurations religieuses d'Octavien/Auguste},
  Author                   = {Scheid, John},
  Booktitle                = {Le Principat d'Auguste - Réalités et représentations du pouvoir autour de la \emph{Res Publica Restituta} Sous la direction de Frédéric Hurlet et Bernard Mineo, Rennes},
  Year                     = {2009},
  Pages                    = {119--129},

  Owner                    = {deyts},
  Timestamp                = {2015.09.06}
}

@Book{Schilling1954,
  Title                    = {La religion romaine de Vénus depuis les origines jusqu'au temps d'Auguste},
  Author                   = {Schilling, Robert},
  Publisher                = {E. De Boccard},
  Year                     = {1954},

  Address                  = {Paris},

  Owner                    = {deyts},
  Timestamp                = {2015.08.16}
}

@Book{Schwartz1960,
  Title                    = {Pseudo-Hesiodeia: Recherches sur la composition, la diffusion et la disparition anciennes d'œuvres attribuées à Hésiode},
  Author                   = {Jacques Schwartz},
  Publisher                = {E. J. Brill},
  Year                     = {1960},

  Address                  = {Leiden},

  Owner                    = {deyts},
  Timestamp                = {2015.08.15}
}

@Book{Sechan1967,
  Title                    = {\'Etudes sur la tragédie grecque dans ses rapports avec la céramique},
  Author                   = {Séchan, Louis},
  Publisher                = {Librairie Honoré Champion éditeur},
  Year                     = {1967},

  Address                  = {Paris},

  Owner                    = {deyts},
  Timestamp                = {2015.08.16}
}

@Book{Segala1999,
  Title                    = {Domus Aurea},
  Author                   = {Segala, Elisabetta},
  Publisher                = {Electa},
  Year                     = {1999},

  Address                  = {Milan},

  Owner                    = {deyts},
  Timestamp                = {2015.09.25}
}

@Book{Sistakou2008,
  Title                    = {Reconstructing the Epic: Cross-Readings of the Trojan Myth in Hellenistic Poetry},
  Author                   = {Sistakou, Evina},
  Publisher                = {Peeters},
  Year                     = {2008},

  Address                  = {Leuven},

  Owner                    = {deyts},
  Timestamp                = {2015.08.16}
}

@Book{Smith1849,
  Title                    = {Dictionary of Greek and Roman Biography and Mythology},
  Author                   = {Smith, William (ed.)},
  Year                     = {1849},

  Owner                    = {deyts},
  Timestamp                = {2015.09.01}
}

@Book{Sommerstein2002,
  Title                    = {Greek Drama and Dramatists},
  Author                   = {Sommerstein, Alan H.},
  Publisher                = {Routledge Press},
  Year                     = {2002},

  Address                  = {London},

  Owner                    = {deyts},
  Timestamp                = {2015.08.15}
}

@InProceedings{Sordi2007,
  Title                    = {Claudio e il mondo greco},
  Author                   = {Sordi, Marta},
  Booktitle                = {Neronia VII - Rome, l'Italie et la Grèce - Hellénisme et philhellénisme au premier siècle après J.-C. - Actes du VII\textsuperscript{e} colloque international de la SIEN édités par Yves Perrin - Latomus},
  Year                     = {2007},
  Pages                    = {41--49},

  Address                  = {Bruxelles},

  Owner                    = {deyts},
  Timestamp                = {2015.09.01}
}

@Book{Squire2011,
  Title                    = {The Iliad in a Nutshell. Visualizing Epic on the Tabulae Iliacae},
  Author                   = {Squire, Michael},
  Publisher                = {Oxford University Press},
  Year                     = {2011},

  Address                  = {Oxford},

  Owner                    = {deyts},
  Timestamp                = {2015.09.01}
}

@InProceedings{Strazzulla1999,
  Title                    = {Il mito greco in età augustea: le lastre campana e il caso di Teseo},
  Author                   = {Strazzulla, Maria-Josè},
  Booktitle                = {Le mythe Grec dans l'Italie Antique},
  Year                     = {1999},
  Pages                    = {555--591},

  Address                  = {Rome},
  Publisher                = {EFR},

  Owner                    = {deyts},
  Timestamp                = {2015.08.17}
}

@InProceedings{Stroia2007,
  Title                    = {Les rapports entre l'\emph{Ilias Latina} et l'\emph{Iliade} d'Homère},
  Author                   = {Stroia, Liviu},
  Booktitle                = {Neronia VII - Rome, l'Italie et la Grèce - Hellénisme et philhellénisme au premier siècle après J.-C. - Actes du VII\textsuperscript{e} colloque international de la SIEN édités par Yves Perrin - Latomus},
  Year                     = {2007},
  Pages                    = {331--341},

  Address                  = {Bruxelles},

  Owner                    = {deyts},
  Timestamp                = {2015.09.01}
}

@Book{Thompson1893,
  Title                    = {Handbook of Greek and Latin palaeography},
  Author                   = {Thompson, Edward Maunde},
  Publisher                = {D. Appleton \& Co.},
  Year                     = {1893},

  Address                  = {New-York},

  Owner                    = {deyts},
  Timestamp                = {2015.09.01}
}

@Book{Todisco2006,
  Title                    = {Pittura e ceramica figurata tra Grecia, Magna Grecia e Sicilia},
  Author                   = {Todisco, Luigi},
  Publisher                = {La Biblioteca},
  Year                     = {2006},

  Address                  = {Bari},

  Owner                    = {deyts},
  Timestamp                = {2015.08.16}
}

@Article{Tomei1990,
  Title                    = {Le tre \og{}Danaidi\fg{} in nero antico dal Palatino},
  Author                   = {Tomei, Maria Antonietta},
  Journal                  = {Bollettino di Archeologia, Rome},
  Year                     = {1990},
  Volume                   = {5-6},
  Pages                    = {35--48},

  Owner                    = {deyts},
  Timestamp                = {2015.09.07}
}

@InProceedings{Torelli1981,
  Title                    = {Il commercio greco in Etruria tra l'VIII ed il VI secolo a.C.},
  Author                   = {Torelli, Mario},
  Booktitle                = {Il commercio greco nel Tirreno in età arcaica (atti del seminario in memoria di Mario Napoli) - Università degli studi Salerno},
  Year                     = {1981},
  Publisher                = {Centro stampa dell'università},
  Pages                    = {67--79},

  Owner                    = {deyts},
  Timestamp                = {2015.08.15}
}

@Book{Touchefeu1968,
  Title                    = {Thèmes odysséens dans l'art antique},
  Author                   = {Touchefeu-Meynier, Odette},
  Publisher                = {E. de Boccard},
  Year                     = {1968},

  Address                  = {Paris},

  Owner                    = {deyts},
  Timestamp                = {2015.08.17}
}

@Book{Turcan1987,
  Title                    = {Vivre à la cour des Césars},
  Author                   = {Turcan, Robert},
  Publisher                = {Les Belles Lettres},
  Year                     = {1987},

  Address                  = {Paris},

  Owner                    = {deyts},
  Timestamp                = {2015.09.05}
}

@InProceedings{Vagnetti1991,
  Title                    = {L'encadrement chronologique et les formes de la présence égéenne en Italie},
  Author                   = {Vagnetti, Lucia},
  Booktitle                = {Epeios et Philoctète en Italie - Cahiers du centre Jean Bérard - (Colloque Lille II 1987) présenté par J. de la Genière},
  Year                     = {1991},
  Pages                    = {9--20},

  Address                  = {Naples},

  Owner                    = {deyts},
  Timestamp                = {2015.08.15}
}

@Book{Vallet1996,
  Title                    = {Le monde grec colonial d'Italie du sud et de Sicile},
  Author                   = {Vallet, Georges},
  Publisher                = {EFR},
  Year                     = {1996},

  Address                  = {Rome},

  Owner                    = {deyts},
  Timestamp                = {2015.08.16}
}

@Book{Vigourt2001,
  Title                    = {Les présages impériaux d'Auguste à Domitien},
  Author                   = {Vigourt, Annie},
  Publisher                = {Université de Strasbourg},
  Year                     = {2001},

  Address                  = {Paris},

  Owner                    = {deyts},
  Timestamp                = {2015.09.06}
}

@Book{Viscogliosi2005,
  Title                    = {Il tempio di Apollo in Circo e la formazione del linguaggio architettonico augusteo},
  Author                   = {Viscogliosi, Alessandro},
  Publisher                = {L'Erma di Bretschneider},
  Year                     = {2005},

  Address                  = {Rome},

  Owner                    = {deyts},
  Timestamp                = {2015.09.06}
}

@Book{Weinstock1971,
  Title                    = {Divus Julius},
  Author                   = {Weinstock, Stefan},
  Publisher                = {Oxford University Press},
  Year                     = {1971},

  Address                  = {Oxford},

  Owner                    = {deyts},
  Timestamp                = {2015.08.16}
}

@Book{Wiseman1987,
  Title                    = {Roman Studies: Literary and Historical},
  Author                   = {Wiseman, Timothy Peter},
  Publisher                = {Cairns},
  Year                     = {1987},

  Address                  = {Liverpool},

  Owner                    = {deyts},
  Timestamp                = {2015.09.01}
}

@Book{Wiseman1974,
  Title                    = {Wiseman, Legendary Genealogies in Late Republican Rome},
  Author                   = {Wiseman, Timothy Peter},
  Publisher                = {Greece and Rome 21},
  Year                     = {1974},

  Owner                    = {deyts},
  Timestamp                = {2015.08.16}
}

@InProceedings{Woolf2009,
  Title                    = {Literacy or literacies in Ancient Rome?},
  Author                   = {Woolf, Greg},
  Booktitle                = {Ancient Literacies, the culture of reading in Greece and Rome, edited by William A. Johnson and Holt N. Parker},
  Year                     = {2009},
  Pages                    = {46--48},

  Address                  = {Oxford},
  Publisher                = {Oxford University Press},

  Owner                    = {deyts},
  Timestamp                = {2015.09.01}
}

@Book{Woolford2003,
  Title                    = {Images of myths in classical Antiquity, Cambridge 2003},
  Author                   = {Woolford, Simon},
  Publisher                = {Cambridge University Press},
  Year                     = {2003},

  Address                  = {Cambridge},

  Owner                    = {deyts},
  Timestamp                = {2015.09.01}
}

@Book{Wunsche1998,
  Title                    = {Il Torso del Belvedere Da Aiace a Rodin (Catalogo Mostra tra Musei Vaticani e Glyptothek München)},
  Author                   = {Wünsche, Raimund},
  Publisher                = {Direzione Generale Monumenti e Gallerie Ponteficie, Città del Vaticano}
  Year                     = {1998},

  Address                  = {Città del Vaticano},

  Owner                    = {deyts},
  Timestamp                = {2015.08.17}
}

@Book{Zanker2007,
  Title                    = {The power of Images in the age of Augustus},
  Author                   = {Zanker, Paul},
  Publisher                = {University of Michigan Press},
  Year                     = {2007},

  Owner                    = {deyts},
  Timestamp                = {2015.09.07}
}

@Book{Zanker1984,
  Title                    = {Il foro di Augusto},
  Author                   = {Zanker, Paul},
  Publisher                = {Fratelli Palombi},
  Year                     = {1984},

  Address                  = {Rome},

  Owner                    = {deyts},
  Timestamp                = {2015.09.06}
}

@Book{Carcopino1927,
  Title                    = {La Basilique Pythagoricienne de la Porte Majeure},
  Author                   = {Carcopino, Jérôme},
  Publisher                = {L'artisan du livre},
  Year                     = {1927},

  Address                  = {Paris},

}

@Book{Dumezil1968,
  Title                    = {Mythe et épopée},
  Author                   = {Dumézil, Georges},
  Publisher                = {Gallimard},
  Year                     = {1968},

  Address                  = {Paris},

}

@Book{Ridgway2001,
  Title                    = {Hellenistic Scultpure, University of Wisconsin Press},
  Author                   = {Ridgway, Brunilde Sismondo},
  Publisher                = {University of Wisconsin Press},
  Year                     = {2001},

}

@Book{Coarelli1997b,
  Title                    = {Il campo Marzio},
  Author                   = {Coarelli, Filippo},
  Publisher                = {Quasar},
  Year                     = {1997},

  Address                  = {Rome},

}

@Book{Grimal1985,
  Title                    = {Virgile ou la seconde naissance de Rome},
  Author                   = {Grimal, Pierre},
  Publisher                = {Flammarion},
  Year                     = {1985},

  Address                  = {Paris},

}

@Book{Cumont1966,
  Title                    = {Le symbolisme funéraire des Romains},
  Author                   = {Cumont, Franz},
  Publisher                = {Geuthner},
  Year                     = {1966},

  Address                  = {Paris},

}

@Book{Barbet1999,
  Title                    = {La Villa san Marco a Stabia},
  Author                   = {Barbet, Alix and Miniero, Paola},
  Publisher                = {De Boccard, coll. du centre Jean Bérard},
  Year                     = {1999},

  Address                  = {Napoli-Roma-Pompei},

}

@Book{Bol1972,
  Title                    = {Die Skulpturen des Schiffsfundes von Antikythera},
  Author                   = {Bol, Peter Cornelis},
  Publisher                = {Mitteilungen des Deutschen Archäologischen Instituts, Athenische Abteilung. Beiheft 2},
  Year                     = {1972},

  Address                  = {Berlin},

}

@Book{Mielsch1975,
  Title                    = {Römische Stuckreliefs},
  Author                   = {Mielsch, Harald},
  Publisher                = {F.H. Kerle Verlag},
  Year                     = {1975},

  Address                  = {Heidelberg},

}

@Book{Schefold1972,
  Title                    = {La peinture pompéienne. Essai sur l'évolution de sa signification},
  Author                   = {Schefold, Karl},
  Publisher                = {Latomus, revue d'études latines},
  Year                     = {1972},

  Address                  = {Bruxelles},

}

@Book{BastetDeVos1979,
  Title                    = {Proposta per una classificazione del terzo stile pompeiano},
  Author                   = {Bastet, F.L. and De Vos, Mariette},
  Publisher                = {Archeologische Studiën van het, Nederlands Instituut te Rome, deel IV, Staatsuitgeverij},
  Year                     = {1979},

  Address                  = {L'Aja},

}

@Book{Lugli1952,
  Title                    = {Fontes ad Topographiam Veteris Urbae Romae},
  Author                   = {Lugli, Giuseppe},
  Publisher                = {Romae},
  Year                     = {1952},

  Address                  = {Rome},

}

@Book{Gasparro1985,
  Title                    = {Soteriology and mystic aspects in the cult of Cybele and Attis},
  Author                   = {Gasparro, Giulia Sfameni},
  Publisher                = {Brill},
  Year                     = {1985},

  Address                  = {Leiden},

}

@Book{Fuchs1959,
  Title                    = {Die Vorbilde der Neuattischen Reliefs},
  Author                   = {Fuchs, Werner},
  Publisher                = {De Gruyter},
  Year                     = {1959},

  Address                  = {Berlin},

}

@InProceedings{Assenmaker2010,
  Title                    = {La place du Palladium dans l’idéologie augustéenne: entre mythologie, religion et politique},
  Author                   = {Assenmaker, Pierre},
  Booktitle                = {Storia delle Religioni e Archeologia, a cura di Igor Baglioni},
  Year                     = {2010},
  Pages                    = {35--64},

  Address                  = {Rome},
  Publisher                = {Alpes Italia},

}

@InProceedings{Sauron2001,
  Title                    = {Vénus entre deux fous au forum de César},
  Author                   = {Sauron, Gilles},
  Booktitle                = {Rome et ses provinces, Hommage à Jean-Charles Balty},
  Year                     = {2001},
  Pages                    = {187-200},

  Address                  = {Bruxelles},
  Publisher                = {Lucernae Novantiquae},

}

@InProceedings{Cadario2007,
  Title                    = {« Signum periturae Troiae », gli « altri Laocoonti » nella pittura romana},
  Author                   = {Cadario, Matteo},
  Booktitle                = {Il Laocoonte dei Musei Vaticani, 500 anni dalla scoperta, a cura di Giorgio Bejor. Università degli Studi di Milano, Facoltà di Lettere e Filosofia. Quaderni di Acme 93.},
  Year                     = {2007},
  Pages                    = {45--104},

  Address                  = {Milan},
  Publisher                = {Cisalpino},

}

@InProceedings{Toso2007,
  Title                    = {Iliade glittica: gli eroi attorno alle mura di Troia},
  Author                   = {Toso, Sabina},
  Booktitle                = {Iconografia 2006: gli eroi di Omero: atti del convegno internazionale (Taormina, Giuseppe Sinopoli Festival, 20-22 ottobre 2006) / a cura di Isabella Colpo, Irene Favaretto, Francesca Ghedini},
  Year                     = {2007},
  Pages                    = {249--57},

  Address                  = {Rome},
  Publisher                = {Quasar},

}

@Article{Cappelli1998,
  Title                    = {Il fregio dipinto dell'Esquilino e la propaganda augustea del mito delle origini},
  Author                   = {Cappelli, Rosanna},
  Journal                  = {Palazzo Massimo Alle Terme – Ausstellungkatalog Rom, A La Regina ed.},
  Year                     = {1998},
  Pages                    = {51--58},

}

@Article{Pasqualini1998,
  Title                    = {Diomede nel Lazio e le tradizioni leggendarie sulla fondazione di Lanuvio},
  Author                   = {Pasqualini, Anna},
  Journal                  = {Mélanges de l'Ecole française de 
Rome. Antiquité},
  Year                     = {1998},
  Volume                   = {110, n°2},
  Pages                    = {663-679},

}

@Article{Somella1972,
  Title                    = {Heroon di Enea a Lavinium: il contributo dei recenti scavi a Pratica di Mare},
  Author                   = {Somella, P.},
  Journal                  = {Rendiconti della Ponteficia Accademia},
  Year                     = {1972},
  Volume                   = {44},
  Pages                    = {47--74},

}

@Article{Gallina1964,
  Title                    = {Le pitture con paesaggi dell'Odissea dall'Esquilino},
  Author                   = {Gallina, Anna},
  Journal                  = {L'Erma - Studi Miscellanei - Roma},
  Year                     = {1964},
  Pages                    = {8--47},

}

@Article{DeFranciscis1988,
  Title                    = {La casa di C. Iulius Polybius},
  Author                   = {De Franciscis, Alfonso},
  Journal                  = {Rivista di Studi Pompeiani 2, L'Erma di Bretschneider},
  Year                     = {1988},
  Volume                   = {2},
  Pages                    = {15--36},

}

@Article{Ghisellini1988,
  Title                    = {Modelli ufficiali della prima età imperiale in ambiente privato e municipale},
  Author                   = {Ghisellini, Elena},
  Journal                  = {Mitteilungen des Deutschen archäologischen Instituts, Römische Abteilung},
  Year                     = {1988},
  Volume                   = {95},
  Pages                    = {187--204},

}

@Article{Sauron2000c,
  Title                    = {Un réquisitoire anti-lucrétien à Pompéi: le tableau du Sacrifice d’Iphigénie},
  Author                   = {Sauron, Gilles},
  Journal                  = {Revue des Etudes Latines},
  Year                     = {2000},
  Volume                   = {78},
  Pages                    = {62--75},

}

@Article{Coarelli1968,
  Title                    = {L'\og Ara di Domizio Enobarbo\fg{} e la cultura artistica in Roma nel II secolo a. C.},
  Author                   = {Coarelli, Filippo},
  Journal                  = {Dialoghi di Archeologia},
  Year                     = {1968},
  Volume                   = {3},
  Pages                    = {302--368},

}

@Article{GiulianiSomella1977,
  Title                    = {Lavinium. Compendio dei documenti archeologici},
  Author                   = {Giuliani, Cairoli Fulvio and Somella, Paolo},
  Journal                  = {La Parola del Passato},
  Year                     = {1977},
  Volume                   = {32},
  Pages                    = {356--372},

}

@Book{Scheid1990,
  Title                    = {Romulus et ses frères. Le collège des frères arvales, modèle du culte public dans la Rome des Empereurs},
  Author                   = {Scheid, John},
  Publisher                = {EFR},
  Year                     = {1990},

  Address                  = {Rome},

}

@Book{Carcopino1956,
  Title                    = {De Pythagore aux apôtres},
  Author                   = {Carcopino, Jérôme},
  Publisher                = {Flammarion},
  Year                     = {1956},

  Address                  = {Paris},

}
